3228 5184
333 430 393 495 128
733 441 951 493 ssnrnusns
974 442 1085 492 ssnso

416 597 471 664 Nil
492 594 626 685 prodest
648 596 815 682 didicisse,
838 598 867 662 si
889 617 996 675 cessas
1018 596 1102 662 bene
1124 595 1242 660 facere.

333 706 397 766 230
418 698 474 766 Nil
495 699 633 766 rationis
657 708 717 782 est,
740 698 798 764 ubi
820 721 871 764 res
894 697 994 764 scmel
1015 700 1050 763 in
1071 698 1222 764 affectum
1244 700 1345 763 venit.

417 801 473 868 Nil
495 803 623 890 turpius
647 823 744 888 quam
766 803 880 866 vivere
902 801 1061 888 incipiens
1084 812 1197 866 senex.

416 902 563 969 Nimium
585 901 749 968 tendendo
771 904 880 990 rumpi
902 901 1066 968 funiculus
1089 901 1181 966 solet.

417 1004 548 1071 Nobilis
570 1004 731 1091 professio
753 1005 914 1091 sapientia
937 1013 1006 1070 est:
1036 1025 1118 1091 quae
1141 1003 1318 1070 distributa
1340 1004 1483 1092 suscipit

621 1107 866 1188 incrementum,
890 1127 1027 1170 avarum
1048 1105 1226 1191 dedignata
1247 1127 1481 1194 possessorem.

420 1208 548 1276 Nocens
571 1209 644 1296 quis
667 1207 755 1274 illico
778 1208 826 1292 fit,
850 1207 1034 1273 succumbit
1056 1216 1092 1272 ut
1113 1206 1206 1273 fides.

335 1317 396 1377 235
419 1311 492 1378 Non
513 1310 578 1376 alia
599 1311 699 1375 facies
723 1319 773 1376 est
795 1311 897 1397 quieti
911 1308 1136 1396 moderatique
1151 1309 1294 1398 imperii,
1316 1330 1413 1396 quam
1427 1332 1486 1375 se·

625 1412 695 1476 reni
718 1411 800 1476 caeli
824 1421 856 1477 et
877 1413 1024 1477 nitentis.
1126 1454 1130 1460 -

421 1514 495 1581 Non
516 1515 643 1579 animus
666 1512 817 1596 hominis,
840 1513 899 1579 sed
922 1513 1009 1579 facta
1030 1521 1217 1578 cernuntur.

417 1615 571 1683 Nondum
593 1615 676 1680 felix
698 1637 744 1698 cs,
768 1616 796 1680 si
818 1616 962 1680 nondum
984 1615 1080 1680 turba
1100 1623 1134 1680 te
1156 1614 1318 1681 deriserit.

420 1717 494 1784 Non
516 1738 612 1803 egere
635 1715 794 1782 felicitate
815 1716 957 1782 felicitas
981 1725 1040 1781 est.

422 1818 496 1885 Non
519 1828 569 1885 est
590 1818 716 1903 beatus,
740 1820 811 1906 ipse
835 1819 890 1905 qui
912 1840 947 1883 sc
968 1820 1104 1884 nesciat.

339 1927 401 1988 240
422 1920 497 1987 Non
520 1929 569 1986 cst
590 1920 720 1986 bonitas
744 1943 815 1986 esse
837 1920 1003 1985 meliorem
1025 1922 1177 2009 pessimo.

419 2022 494 2089 Non
525 2031 574 2088 est
600 2021 741 2087 hominis
769 2024 873 2087 maior
900 2021 1038 2087 stultitia
1066 2044 1162 2108 quam
1185 2030 1300 2107 putare
1322 2044 1357 2086 se
1379 2025 1494 2087 amari

627 2123 669 2188 ab
691 2123 754 2206 his,
779 2147 859 2211 quos
882 2125 953 2211 ipsc
975 2146 1040 2189 non
1063 2123 1189 2208 diligat.

293 2257 295 2265 .
420 2226 494 2292 Non
517 2235 566 2294 est
587 2224 753 2312 pusillum,
777 2227 806 2292 si
828 2224 907 2311 quid
929 2227 1071 2291 maximo
1095 2233 1145 2290 est
1165 2225 1284 2291 minus.

420 2326 495 2393 Non
516 2336 565 2392 est
587 2335 690 2410 tuum,
713 2327 845 2392 fortuna
867 2326 954 2414 quod
975 2328 1056 2392 fccit
1077 2337 1179 2393 tuum.

418 2428 492 2495 Non
512 2429 579 2494 fert
599 2427 701 2493 ullum
723 2430 824 2494 ictum
847 2428 961 2494 illaesa
983 2429 1136 2494 felicitas.

335 2536 396 2598 245
418 2529 492 2596 Non
514 2532 621 2597 minus
644 2530 737 2615 latro,
761 2533 853 2596 cuius
877 2531 978 2596 telum
1000 2532 1149 2619 opposita
1169 2539 1263 2596 veste
1278 2529 1404 2595 elusum
1421 2543 1494 2598 est.

420 2631 494 2698 Non
523 2631 661 2699 multum
690 2655 788 2720 supra
814 2656 889 2700 eum
911 2635 1031 2698 eminet
1054 2634 1142 2719 quis,
1173 2632 1225 2697 cui
1246 2652 1282 2696 se
1310 2632 1496 2699 irascendo

946 2743 1116 2822 exaequat.

421 2836 496 2902 Non
518 2838 606 2903 omni
629 2837 769 2902 eundem
791 2837 933 2904 calceum
955 2838 1090 2903 induces
1112 2836 1200 2924 pedi.
1270 2893 1288 2906 ,,
1352 2915 1361 2936 .

422 2938 501 3010 Non¹
518 2960 615 3026 quam
637 2938 706 3024 diu,
729 2939 789 3004 sed
811 2940 1014 3028 quambene
1036 2940 1143 3023 vivas,
1167 2939 1284 3023 cogita.

423 3040 498 3106 Non
520 3042 576 3129 qui
597 3043 705 3107 iussus
728 3040 872 3128 aliquod,
895 3041 954 3108 sed
976 3042 1032 3129 qui
1052 3042 1178 3106 invitus
1193 3040 1284 3125 facit,
1306 3040 1498 3108 miserest.

341 3147 404 3209 250
425 3140 500 3208 Non
522 3141 758 3228 vindicandum
780 3142 912 3227 scelere,
935 3145 964 3209 si
985 3145 1102 3230 possis,
1125 3142 1242 3209 scelus.

425 3243 526 3309 Nulla
545 3267 598 3312 res
620 3247 725 3332 magis
747 3245 807 3311 alit
827 3244 1041 3330 iracundiam,
1065 3268 1161 3333 quam
1182 3244 1323 3310 luxuria.

337 3416 541 3429 *ιιι-

421 3541 482 3602 223
504 3543 559 3600 Pu.
575 3541 614 3598 Cf.
631 3559 714 3616 supra
729 3559 776 3618 pg.
795 3541 845 3614 91,
862 3541 880 3598 9
939 3540 1002 3599 230
1017 3541 1067 3597 Gr.
1084 3557 1125 3597 ex.
1141 3539 1202 3597 cod.
1215 3539 1299 3596 Palat.
1315 3539 1376 3596 Seu.
1392 3539 1435 3597 dc
1453 3545 1501 3600 ira

337 3627 366 3702 1,
383 3627 414 3702 8,
431 3627 447 3684 1
521 3626 580 3685 231
604 3627 653 3685 Ps.
669 3626 730 3683 Sen.
748 3629 827 3702 epist.
843 3625 894 3698 13,
912 3627 950 3683 17
1018 3624 1079 3684 232
1101 3626 1156 3682 Bo.
1172 3624 1209 3680 Ex
1223 3623 1366 3700 proverbio
1381 3642 1501 3698 graeco

335 3710 437 3768 Erasini
453 3712 539 3788 Adag.
556 3711 585 3784 1,
601 3711 632 3784 5,
647 3710 688 3769 47
775 3710 836 3769 233
861 3711 911 3768 Go.
992 3709 1054 3769 234
1071 3711 1119 3768 -Gr
1134 3709 1161 3766 2.
1178 3710 1256 3767 Caco.
1271 3709 1343 3765 Balb.
1359 3709 1443 3766 llon.
1462 3713 1501 3785 4,

336 3795 366 3870 3,
382 3814 430 3872 pg.
447 3795 486 3853 21
585 3795 646 3854 235
671 3796 721 3854 Go.
738 3795 800 3852 Seu.
816 3795 942 3852 declam.
960 3795 990 3868 1,
1007 3795 1071 3867 7,2
1171 3795 1231 3853 236
1253 3795 1503 3858 Pu.llcmcr.3

413 3879 474 3939 237
497 3880 687 3938 Pallemor.
705 3880 745 3938 23
818 3880 879 3939 238
901 3882 938 3938 R.
956 3879 1016 3937 San.
1034 3879 1189 3955 deprovid.
1207 3879 1272 3953 6,5
1344 3877 1408 3936 239
1438 3883 1501 3941 Ps.

335 3965 418 4024 Poeta
433 3982 503 4024 com.
520 3983 561 4041 sp.
578 3965 641 4024 Seu.
656 3967 735 4040 epist
752 3965 782 4039 9,
799 3964 837 4022 21
855 3982 918 4023 esse
932 3983 965 4023 se
979 3969 1030 4039 qui
1042 3971 1198 4038 conputat
1268 3963 1333 4023 240
1353 3963 1404 4020 Pr.
1424 3966 1505 4027 Seu.

336 4053 416 4126 epist.
434 4051 485 4124 79,
503 4051 542 4108 11
629 4049 689 4107 241
714 4051 746 4119 Q.
790 4041 798 4057 “
845 4049 905 4107 242
927 4052 977 4108 Ps.
992 4049 1056 4106 Sen.
1071 4051 1152 4125 epist.
1169 4049 1276 4122 100,9
1362 4047 1433 4107 243
1461 4055 1506 4110 F.

335 4134 455 4193 Lucilius
475 4153 518 4210 ap.
540 4135 603 4192 Scn.
625 4137 705 4209 epist.
720 4135 756 4207 8,
774 4135 814 4193 10
905 4134 967 4192 244
989 4136 1026 4192 R.
1042 4137 1089 4209 qui
1109 4133 1444 4207 scr.l1darisfcl.Sen.
1463 4140 1507 4198 de

335 4220 441 4296 provid.
458 4219 528 4292 2,6
629 4218 691 4277 245
712 4221 750 4276 R.
767 4221 814 4294 qui
835 4237 888 4277 scr.
912 4225 997 4277 cuius
1016 4223 1113 4277 scelus
1134 4239 1158 4277 v.
1180 4221 1336 4276 clauditur.
1364 4219 1441 4277 Seu.
1464 4225 1508 4283 de

337 4313 424 4362 coust
441 4322 497 4380 sap.
514 4304 545 4375 7,
559 4303 580 4360 4
645 4304 706 4362 246
731 4305 781 4362 Go.
797 4304 861 4362 Seu.
877 4305 1003 4362 declam.
1022 4307 1052 4377 1,
1068 4305 1098 4376 5,
1115 4305 1134 4363 6
1198 4303 1259 4361 247
1281 4304 1336 4362 Bo.
1350 4303 1506 4368 Prosus.

336 4406 462 4464 graccum
478 4407 520 4464 ep.
535 4388 637 4445 Erssm.
653 4388 737 4464 Adag.
753 4389 784 4462 4,
800 4389 831 4461 4,
847 4389 887 4447 56
979 4384 1041 4447 248
1063 4390 1097 4446 F.
1113 4389 1176 4446 Seu.
1191 4391 1271 4464 epist.
1287 4387 1339 4461 22,
1357 4390 1396 4446 17

336 4473 397 4532 243
421 4475 454 4543 Q.
541 4472 872 4538 2501404201.139
959 4475 1019 4533 251
1044 4473 1418 4548 R.Sen.deiraa,25,4
