3252 5180
301 462 323 527 4
738 477 1010 529 raonuoonam.

302 632 394 697 multi
424 631 544 698 laboris
555 635 600 718 *):
631 633 713 700 adeo
742 632 877 719 vulgare
904 641 953 696 est
982 630 1064 696 illud
1087 631 1161 696 vitii
1183 653 1303 716 genus,
1333 629 1447 716 (hemi-

302 733 474 820 graphiam
509 737 650 799 dixerim
685 734 738 799 vel
774 733 1057 821 haplographiam)
1089 735 1280 824 praesertim
1313 732 1370 798 ubi
1399 756 1448 797 ra·

301 837 389 900 11010
418 846 493 901 sunt
521 837 669 921 nomina,
699 858 781 922 quae
810 836 880 900 loco
908 834 1140 917 deturbantur,
1173 837 1278 919 magis
1306 844 1384 899 nota
1411 857 1449 898 ac

303 939 392 1020 trita,
417 959 499 1024 quae
521 940 678 1024 irrepunt,
703 948 801 1003 utne
823 937 858 1001 id
882 935 1013 1023 quidem
1037 937 1154 1000 mirum
1175 959 1234 1001 nos
1256 936 1377 1001 habere
1393 937 1448 998 de-

301 1037 395 1120 beat,
418 1062 483 1103 non
504 1063 568 1104 uno
591 1038 671 1121 loco,
695 1039 752 1104 sed
776 1039 925 1125 pluribus
948 1037 1099 1102 librarios
1122 1038 1234 1101 eodem
1257 1038 1352 1104 modo
1374 1059 1448 1124 pec-

301 1162 402 1205 casse.
448 1140 542 1220 Quae
566 1142 652 1204 enim
675 1163 746 1204 esse
768 1149 876 1227 potest
898 1140 1074 1203 auctoritas
1097 1138 1257 1214 codicum,
1281 1140 1448 1204 Ciceronis

302 1243 395 1329 epist.
422 1243 472 1324 12,
491 1243 541 1324 18,
566 1241 708 1307 Senecae
731 1241 772 1305 de
794 1250 900 1327 tranq.
923 1262 974 1303 an.
1000 1241 1050 1322 11,
1070 1241 1101 1322 8,
1124 1241 1209 1305 Plin.
1232 1251 1299 1305 nat.
1322 1239 1446 1324 111018,

300 1343 353 1424 51,
372 1343 424 1425 77,
448 1343 550 1409 Macr.
574 1343 641 1409 Sat.
665 1344 696 1427 2,
712 1345 744 1427 2,
761 1344 792 1426 8,
817 1343 851 1406 10
874 1340 992 1428 quibus
1015 1364 1212 1428 praenomen
1234 1341 1343 1408 Publii
1366 1343 1444 1405 scri-

300 1453 392 1529 ptum
415 1459 487 1509 esse
509 1444 597 1509 haud
619 1447 744 1531 ignora,
769 1467 841 1508 cum
865 1444 1003 1507 eundem
1025 1453 1155 1529 poetam
1171 1443 1213 1508 ab
1236 1444 1353 1508 iisdem
1369 1444 1446 1507 scri-

300 1544 448 1631 ptoribus
476 1546 591 1610 audire
613 1545 790 1611 Publilium
822 1567 920 1634 supra
949 1544 1205 1610 demonstratum
1228 1545 1295 1610 sit?
1329 1546 1446 1632 Itaque
1491 1572 1495 1578 ·

299 1668 340 1709 ne
356 1669 465 1711 eorum
481 1646 612 1733 quidem
628 1651 824 1714 sententiam
838 1647 923 1712 tueri
939 1645 1048 1728 velim,
1071 1649 1126 1732 qui
1141 1657 1314 1733 utrumque
1328 1668 1445 1711 nomen

301 1761 332 1812 et
360 1747 470 1813 Publii
500 1759 531 1814 et
559 1748 695 1815 Publilii
722 1758 809 1813 recte
838 1769 874 1812 se
901 1747 1021 1811 habere
1048 1749 1111 1811 rati
1140 1760 1268 1835 poetam
1296 1757 1444 1814 nostrum

301 1848 456 1914 Publium
470 1848 650 1914 Publilium
671 1851 1032 1940 nominaveruntgnam
1054 1851 1142 1936 apud
1163 1850 1288 1915 nullum
1311 1851 1445 1936 scripto·

299 1971 368 2014 rem
390 1950 470 2015 haee
493 1951 556 2015 duo
580 1955 711 2017 nomina
733 1953 905 2016 coniuncta
927 1950 1089 2035 leguntur.

383 2053 434 2116 De
457 2051 559 2117 altero
583 2063 698 2140 poetae
719 2054 865 2134 nomine,
889 2053 976 2138 quod
998 2051 1124 2117 Plinius
1148 2076 1179 2116 n.
1203 2052 1234 2117 h.
1258 2054 1317 2136 35,
1341 2056 1361 2134 ξ
1385 2053 1445 2117 199

298 2153 449 2219 tradidit:
477 2154 653 2220 Publilium
675 2155 867 2220 Loebium
888 2155 1033 2218 mimicae
1053 2175 1184 2219 0000000
1206 2156 1394 2244 eeuditorem
1415 2159 1444 2218 et

299 2257 487 2339 astrolopiae
509 2258 728 2321 cousebriuum
750 2259 816 2321 eius
830 2256 1010 2320 Mam'lium
1023 2255 1223 2334 Antiochum,
1246 2257 1443 2342 1100191010-

299 2360 432 2422 matieae
455 2359 634 2424 Staberium
657 2358 786 2423 Erotem
809 2359 916 2423 eadem
936 2378 1016 2421 uaae
1038 2359 1178 2422 aduectos
1198 2359 1302 2421 uidere
1319 2357 1443 2440 proavi,

298 2459 405 2522 adhuc
436 2460 497 2525 sub
520 2459 629 2524 iudice
652 2457 743 2524 litem
767 2481 839 2522 esse
861 2458 1011 2522 lubenter
1033 2458 1198 2523 confiteor.
1244 2456 1370 2537 Quodsi
1394 2459 1470 2536 cui,

300 2561 484 2646 contigerit,
507 2571 543 2625 ut
566 2561 656 2625 facili
677 2559 804 2624 medela
821 2581 863 2624 ex
879 2561 1001 2626 codicis
1016 2560 1269 2646 Bambergensis
1287 2560 1446 2646 scriptura

299 2684 418 2726 nomen
441 2661 523 2727 illud
545 2684 699 2748 graecum
722 2661 841 2746 eliciat,
865 2684 928 2748 quo
952 2664 1038 2726 inter
1060 2661 1170 2748 Syros,
1193 2671 1367 2748 antequam
1382 2661 1445 2724 Ro-

299 2786 385 2826 mam
408 2763 638 2845 adduceretur,
662 2786 743 2851 puer
758 2786 837 2828 usus
853 2775 933 2847 erat,
957 2774 1013 2828 aut
1036 2765 1064 2828 si
1080 2766 1152 2850 quis
1168 2763 1327 2852 Lochium
1342 2762 1446 2826 fuisse

300 2887 419 2929 nomen
446 2887 600 2950 graecum
630 2865 781 2949 evicerit,
811 2888 869 2931 nos
899 2875 985 2936 certe
1007 2887 1071 2928 non
1094 2864 1228 2929 habebit
1248 2865 1375 2929 inventi
1396 2865 1444 2928 in-

300 2966 408 3032 vidos.
452 2967 600 3050 Interim,
625 2967 728 3032 donec
749 2965 884 3032 meliora
906 2967 1108 3048 edoceamur,
1131 2964 1273 3030 Plinium
1295 2989 1360 3031 non
1383 2966 1446 3029 Lo·

302 3069 422 3148 obium,
448 3068 506 3132 sed
527 3069 732 3133 Autioelrium
754 3058 925 3155 scripsisse
948 3068 1201 3152 statuamirs**),
1224 3069 1331 3155 patria
1351 3089 1444 3130 accu-

301 3172 403 3234 ratius
439 3171 625 3255 significata
659 3192 753 3256 quam
786 3171 908 3235 factum
943 3180 992 3235 est
1025 3192 1044 3233 a
1072 3170 1187 3234 ceteris
1221 3169 1445 3256 scriptoribus,

301 3294 437 3358 quorum
467 3270 613 3358 exemplo
642 3281 771 3358 poetam
801 3271 919 3358 Syrum
950 3273 1179 3357 cognominare
1206 3271 1443 3336 consuevimus.

297 3371 387 3452 Quin
416 3369 514 3438 immd
537 3372 625 3437 haud
649 3372 838 3455 defuerunt,
868 3375 923 3459 qui
946 3373 1107 3437 versiculo
1130 3371 1239 3459 aliquo
1262 3394 1281 3435 a
1304 3371 1443 3437 Caesare

297 3497 340 3537 ex
360 3484 506 3563 tempore
529 3475 601 3540 fuso
618 3476 675 3560 (cf.
692 3475 777 3538 inlra
791 3497 847 3562 pg.
860 3475 893 3562 9)
906 3475 1001 3539 abusi
1023 3497 1096 3538 eum
1118 3475 1310 3561 simpliciter
1325 3472 1443 3561 Syrum

297 3586 465 3659 vocarent,
490 3586 656 3662 tamquam
679 3576 713 3639 id
735 3599 853 3640 nomen
874 3577 962 3663 apud
978 3586 1104 3641 veteres
1122 3577 1156 3640 in
1171 3578 1290 3640 iustum
1308 3598 1347 3640 ac
1363 3575 1441 3660 legi·

296 3679 412 3742 timum
436 3677 623 3760 evaluisset,
646 3679 680 3741 in
704 3700 767 3764 quo
789 3701 855 3742 non
878 3677 990 3741 addito
1012 3677 1130 3763 gentili
1149 3679 1355 3764 acquiescere
1369 3699 1443 3764 pos-

367 3917 396 3978 *)
416 3916 458 3969 cf.
478 3918 544 3968 Tac.
564 3918 628 3968 hist.
649 3920 674 3982 2,
694 3920 726 3968 92
744 3915 950 3982 Praeposuerat
963 3915 1154 3982 praetorianis
1171 3916 1206 3969 P.
1224 3913 1373 3980 Sabinum,
1395 3918 1442 3968 abi

298 3998 459 4052 Publilium
477 4001 677 4052 emendandum
697 4017 761 4053 esse
776 4003 838 4056 coll.
857 4003 919 4074 hist.
939 4006 968 4067 3,
988 4005 1021 4053 36
1038 3999 1195 4076 Publilium
1213 3998 1348 4053 Sabinum
1360 4015 1442 4066 prae·

296 4083 365 4136 terii
384 4081 556 4149 praefectum
580 4087 682 4151 primus
704 4086 775 4137 vidit
797 4087 935 4137 Halmius.
971 4087 1050 4152 Apud
1071 4088 1132 4138 Liv.
1153 4090 1196 4149 10,
1215 4089 1245 4149 9,
1264 4089 1279 4136 2
1301 4084 1443 4137 Publilius

302 4170 421 4221 debetur
440 4171 586 4233 Glarean0,
606 4171 679 4235 apud
698 4170 756 4221 Cic.
776 4171 855 4236 epist.
876 4172 911 4221 ad
928 4172 1012 4222 Attic.
1033 4175 1074 4234 12,
1093 4174 1134 4236 24,
1155 4175 1176 4224 1.
1196 4175 1236 4236 12,
1255 4173 1296 4232 28,
1315 4173 1331 4221 2
1348 4172 1442 4234 Basia,

296 4260 327 4305 ut
345 4255 415 4304 nihil
435 4255 524 4306 dicam
542 4254 576 4305 de
593 4254 704 4305 Lucilio
724 4257 879 4307 sexcenties
897 4256 926 4305 in
944 4257 1060 4306 Lucium
1080 4261 1215 4321 corrupto.

345 4346 387 4412 **)
407 4348 538 4398 Similiter
562 4348 634 4412 apud
658 4349 784 4398 Tacitum
804 4352 850 4412 13,
871 4345 1011 4399 11001010
1035 4350 1166 4414 scriptum
1193 4355 1235 4400 est
1255 4350 1285 4399 in
1302 4349 1440 4411 Mediceo,

299 4437 375 4482 10010
400 4433 429 4482 10
454 4433 622 4483 editionibus
639 4430 820 4484 Autiocbum.
857 4433 934 4496 Quod
959 4434 993 4484 ad
1016 4450 1073 4484 rem
1097 4435 1211 4498 attinet,
1234 4432 1306 4483 haud
1324 4432 1442 4483 absurda

295 4520 337 4566 est
350 4516 509 4566 coniectura
522 4515 672 4567 Publilium
688 4518 776 4568 fuisse
790 4515 948 4582 popularem
963 4518 1092 4584 Archiae,
1110 4518 1143 4568 de
1157 4533 1209 4582 quo
1223 4518 1260 4573 cf,
1275 4518 1348 4568 infra
1361 4534 1405 4583 pg.
1416 4521 1441 4570 9.
1457 4533 1461 4541 ¹
