3228 5184
476 499 630 547 PUBLILII
654 501 732 548 SYRI
755 501 984 551 sunrnurmm

146 659 215 716 480
238 652 420 716 Paucorum
444 661 494 715 est
516 652 716 738 intellegere,
740 654 819 740 quid
842 655 941 719 donet
963 654 1045 718 dies.

238 754 386 816 Perenne
408 755 596 840 coniugium
618 757 754 837 animus,
777 778 842 820 non
864 778 980 843 eorpus
1004 757 1093 821 facit.

238 854 401 919 Pereundi
425 857 509 920 scire
531 866 659 943 tempus
681 858 814 922 assidue
836 868 886 922 est
907 860 1000 923 mori.

239 957 369 1021 Potenti
392 958 490 1022 irasci
512 957 577 1022 sibi
598 957 757 1044 periclum
780 969 829 1024 est
852 982 1017 1046 quaerere.

236 1057 378 1122 Peccare
400 1063 496 1146 pauci
518 1059 644 1142 nolunt,
667 1059 751 1124 nulli
771 1063 933 1126 nesciunt.
1069 1139 1076 1158 Ι

146 1167 214 1224 485
238 1159 421 1224 Paucorum
443 1161 635 1248 improbitas
659 1163 821 1226 universis
845 1162 1023 1230 calamitas.

238 1262 300 1326 Pro
324 1260 463 1326 dominis
486 1285 621 1350 peccare
644 1265 741 1328 etiam
765 1265 897 1328 virtutis
920 1265 990 1330 loeo
1014 1277 1073 1331 est.

238 1363 396 1428 Patiendo
419 1365 522 1429 multa
545 1367 691 1447 veniunt,
716 1387 798 1451 quae
820 1388 962 1453 nequeas
985 1369 1065 1454 pati.

218 1464 375 1542 ¹Paratae
399 1465 551 1530 lacrimae
574 1468 723 1550 insidia-s,
747 1489 812 1531 non
834 1468 943 1532 fletum
963 1469 1120 1534 indicant.

239 1567 412 1632 Peccatum
436 1577 604 1652 extenuat,
628 1571 685 1655 qui
707 1568 855 1633 celeriter
877 1571 1022 1656 corrigit.

147 1676 216 1733 490
240 1669 403 1732 Pudorem
424 1669 545 1734 habere
567 1673 709 1735 servitus
732 1670 970 1756 quodammodo
994 1683 1051 1737 est.

237 1769 318 1835 Pete
342 1820 349 1833 .
375 1819 382 1834 .
407 1821 414 1834 .
438 1772 472 1833 in
494 1772 643 1836 adversis
665 1795 843 1859 numquam
864 1771 1015 1838 felicitas.

236 1871 411 1936 Prudentis
435 1872 545 1938 vultus
569 1875 666 1938 etiam
690 1877 846 1938 sermonis
869 1873 941 1939 loco
964 1886 1022 1940 est.

236 1973 344 2037 Probo
367 1974 561 2038 beneficium
584 1977 640 2061 qui
663 1976 730 2059 dat,
754 1999 795 2040 ex
817 1986 911 2064 parte
932 1979 1064 2065 accipit.

236 2074 365 2138 Pudore
389 2098 482 2161 quem
506 2099 571 2142 non
593 2077 708 2158 flectis,
732 2100 796 2141 non
819 2078 943 2162 frangit
964 2080 1071 2142 timor.

148 2184 214 2241 495
237 2175 346 2239 Poena
368 2176 539 2261 allevatur,
562 2178 621 2244 ubi
643 2178 810 2243 relaxatur
833 2179 935 2244 dolor.

237 2277 352 2342 Plures
374 2281 459 2363 tegit
480 2280 621 2362 fortuna,
646 2302 741 2367 quam
765 2289 850 2344 tutos
873 2280 964 2345 facit.

237 2379 316 2444 Post
338 2380 555 2445 calamitatem
577 2385 733 2447 memoria
755 2381 819 2445 alia
842 2392 891 2446 est
914 2381 1091 2447 calamitas.

155 2559 359 2566 ---.---.

152 2691 287 2734 comens
308 2695 334 2732 v.
350 2675 532 2735 450—500:
555 2679 584 2734 F
596 2675 647 2750 (Τ)

237 2827 300 2886 480
320 2824 451 2886 *donem
481 2829 527 2886 det
548 2831 589 2901 F,
612 2831 655 2885 cui
679 2829 725 2886 det
747 2831 871 2900 Gruter,
895 2833 965 2888 celet
986 2834 1176 2904 Ribbeektrm,
1203 2834 1298 2889 doceat

153 2911 231 2985 (dies)
248 2913 277 2971 G.
294 2914 419 2978 Meiser3
442 2915 481 2988 cf.
499 2917 538 2970 cut
559 2933 583 2970 v.
601 2914 662 2972 467
749 2910 839 2970 *dies
862 2919 898 2971 ct.
920 2937 943 2973 v.
963 2917 1037 2973 137:
1062 2918 1129 2973 deus
1145 2920 1173 2974 F
1186 2917 1297 2990 (eudem

153 3002 320 3069 corruptele
337 3019 362 3056 v.
381 2999 468 3071 632);
492 2998 569 3055 (lecet
591 2999 657 3055 deos
674 3000 793 3073 Inputat.
888 3000 956 3063 ,482
980 3020 1006 3074 p.
1023 3010 1044 3057 t.
1062 3021 1085 3057 s.
1103 3010 1145 3058 est
1160 3004 1229 3058 mori
1244 3003 1298 3057 ire-

152 3084 329 3156 quentissime
348 3085 373 3139 Τ
454 3084 515 3141 483
538 3083 669 3156 periclum
689 3085 848 3141 Benttetus:
870 3086 1021 3158 periculum
1036 3089 1076 3150 F;
1099 3089 1166 3161 petit
1183 3088 1228 3159 qui
1245 3089 1297 3142 iur-

153 3169 239 3222 scitur
259 3169 408 3241 periculum
429 3168 479 3224 sihi
502 3185 633 3242 generare
658 3171 683 3224 T
765 3169 827 3224 484
850 3171 927 3225 multi
950 3175 1022 3227 coni.
1047 3173 1155 3228 Gruter
1176 3174 1211 3227 el.
1230 3173 1298 3228 Seu.

152 3256 235 3323 epist.
248 3253 346 3323 90,46
363 3252 489 3309 ‘multum
505 3255 619 3308 interest
635 3261 724 3308 utrum
741 3269 851 3327 peccare
867 3254 962 3328 aliquis
978 3257 1045 3312 nolit
1061 3273 1093 3312 an
1106 3257 1216 3311 nesciat.
1232 3253 1297 3311 etc'

236 3336 298 3394 485
321 3337 454 3393 calamites
475 3339 605 3411 Inputet:
626 3346 668 3393 cst
688 3339 737 3393 cal.
755 3339 783 3392 F
865 3338 926 3396 487
949 3337 1091 3416 patiendo]
1114 3341 1158 3412 Gs.
1182 3359 1205 3396 v.
1223 3340 1294 3397 238.

153 3421 226 3477 535.
271 3422 398 3477 Patientia
415 3423 446 3478 G.
462 3423 579 3496 Meyer,
596 3422 722 3496 patiendo
738 3441 773 3478 m.
791 3423 861 3478 haud
877 3443 900 3478 v.
918 3425 1019 3498 Muhty
1109 3425 1171 3481 488
1194 3425 1297 3480 luctum

151 3507 247 3562 Bothe
340 3506 401 3563 489
425 3507 525 3580 quide
551 3507 625 3562 luevi
646 3509 819 3563 commissum
841 3510 1009 3566 commendet
1031 3509 1095 3583 (lep.
1118 3509 1251 3581 emendat)
1275 3511 1300 3564 T

237 3590 300 3649 490
323 3591 367 3664 Gf.
384 3591 445 3649 583
552 3592 612 3648 491
638 3602 703 3666 pote
725 3596 769 3650 oet
789 3600 881 3666 potest
903 3635 909 3648 .
934 3636 940 3648 .
962 3598 1083 3666 scripsi.-
1110 3601 1203 3667 potest
1222 3594 1296 3649 ultus

150 3677 188 3746 F,
210 3684 378 3748 corruptum
399 3691 439 3734 ex
454 3696 479 3732 v.
496 3677 574 3745 4923
596 3679 667 3751 perit
683 3679 769 3733 omnis
785 3675 902 3750 Metty,
924 3680 1045 3749 potentia
1060 3679 1177 3752 Inpolst.
1193 3679 1297 3752 patiens
1318 3702 1321 3706 ·

150 3762 291 3817 Pithoeus
352 3761 363 3768 ”
386 3760 447 3817 492
470 3761 612 3835 prudentis
634 3761 723 3816 vultus
745 3765 819 3817 coni.
844 3763 964 3818 Gruter:
992 3763 1118 3837 prudenti
1140 3763 1240 3818 stultus
1262 3764 1297 3834 F,

149 3845 282 3920 prudenti
303 3845 394 3900 vultus
418 3847 511 3903 Bothe
602 3846 662 3902 loco
686 3854 728 3901 est
750 3850 823 3903 cont.
847 3847 971 3903 Gruter.-
993 3850 1069 3903 iocus
1091 3855 1132 3904 est
1153 3850 1193 3912 F;
1216 3849 1257 3921 cf.
1273 3867 1298 3904 v.

150 3930 214 3987 486
302 3929 363 3986 494
387 3925 404 3964 *
420 3931 525 4004 pudore
542 3948 621 4004 quem
636 3949 691 3987 non
708 3930 793 3986 ssectis
811 3929 955 4006 (flectus‘t):
978 3932 1066 4006 pudor
1082 3952 1108 4007 q.
1122 3950 1148 3989 n.
1165 3932 1249 3988 ssectit
1260 3934 1297 4003 F,

149 4033 179 4088 p.
198 4033 224 4088 q.
241 4015 333 4070 nullus
351 4014 435 4071 lleetit
451 4015 567 4089 Mtitzty,
588 4033 615 4089 p.
633 4033 659 4089 q.
676 4033 731 4073 non
747 4015 862 4072 reflectit
878 4018 981 4088 Bothe,
997 4035 1023 4092 p.
1041 4034 1229 4091 quemcunque
1243 4033 1298 4072 non

150 4101 249 4170 ilectit,
265 4099 372 4174 frangat
389 4108 408 4154 t.
427 4100 543 4157 Gruter.
584 4099 627 4174 Cf.
644 4106 668 4157 u.
685 4100 757 4174 553,
773 4119 866 4173 supra
877 4121 928 4176 pp.
946 4102 986 4158 58
1003 4110 1030 4158 et
1048 4103 1161 4158 Terent.
1178 4100 1297 4172 Adelph.

153 4185 183 4255 1,
200 4186 228 4255 l,
244 4183 284 4241 32
307 4184 425 4240 ‘Pudore
446 4193 473 4241 et
494 4185 653 4240 liberalitate
675 4184 774 4241 liberos
790 4185 917 4241 Retinere
938 4188 1022 4243 satius
1045 4203 1104 4242 esse
1121 4185 1201 4241 credo
1217 4202 1297 4259 quam

150 4270 246 4324 metu?
334 4268 396 4325 495
419 4269 549 4325 allevatur
565 4270 687 4326 Gruter.-
709 4272 814 4326 levstur
829 4272 857 4325 F
939 4270 984 4325 ubi
1000 4271 1134 4326 relaxatur
1147 4268 1297 4326 Halmius:

152 4351 196 4407 uhi
211 4353 318 4408 laxatur
333 4355 369 4424 F,
386 4361 450 4409 tunc
466 4353 543 4410 ubil.
561 4358 644 4428 culpo
737 4355 799 4412 496
821 4355 890 4428 legit
904 4355 998 4411 Bothe
1089 4354 1153 4410 iacit
1167 4352 1298 4427 Inputat..-

150 4437 230 4530 iacipt
245 4439 275 4493 F
341 4437 431 4530 497·
443 4439 581 4504 Meuuud,
597 4438 719 4496 Monost.
736 4439 797 4495 435
814 4426 849 4494 οὐ
870 4427 926 4517 χρὴ
942 4433 1044 4515 φέρειν
1064 4431 1099 4494 τὰ
1115 4432 1250 4513 πρόσθεν
1265 4431 1308 4522 ἐνο

150 4540 253 4602 μνημῃ
269 4540 358 4578 uuae.

1056 4617 1092 4671 μ
