3252 5180
604 493 878 553 rsotsoonrns.
1272 483 1311 554 15

169 661 202 720 et
224 656 253 721 si
275 666 363 720 recte
385 656 618 744 interpretatus
642 679 714 722 sum
738 657 1024 724 Pseudovincentii
1050 658 1157 722 locum
1180 680 1222 722 ex
1245 680 1316 745 spe-

169 757 241 821 culo
265 757 380 822 morali
402 758 542 844 petitum
565 759 622 844 (cf.
645 757 688 822 ad
710 781 742 822 v.
766 759 859 842 628),
882 760 1046 846 integrum
1069 758 1204 824 Publilii
1227 781 1318 824 sena-

167 861 255 924 rium
269 860 356 947 apud
372 860 612 945 Hieronymum
634 870 745 925 extare
762 859 894 925 credere
909 860 996 943 licet,
1019 882 1214 946 quamquam
1230 860 1318 925 locus

167 961 314 1025 nondum
338 962 491 1027 inventus
515 970 573 1026 est.
618 961 770 1048 Denique
785 961 1022 1048 posterioribus
1036 983 1165 1048 quoque
1181 960 1317 1026 saeculis

166 1061 307 1126 Publilii
330 1064 501 1128 sententiis
524 1085 619 1128 suum
642 1063 744 1128 fuisse
766 1063 873 1128 locum
889 1065 924 1128 in
939 1065 1227 1150 grammaticorum
1242 1086 1316 1149 sup-

166 1163 325 1250 pellectili
347 1164 517 1247 litteraria,
540 1164 744 1230 lectionibus·
760 1164 883 1230 codicis
898 1165 1089 1230 Turicensis
1112 1165 1159 1229 ita
1174 1186 1228 1228 me
1243 1186 1317 1228 con-

168 1264 374 1330 firmaturum
396 1265 532 1341 confido,
556 1277 593 1331 ut
615 1266 719 1330 omnis
742 1265 904 1331 dubitatio
926 1267 1098 1334 eximatur.
1141 1266 1193 1330 Ac
1206 1266 1317 1329 nescio

161 1353 211 1430 'an
234 1365 290 1430 illa
313 1368 386 1454 ipsa
407 1390 428 1430 a
450 1368 619 1433 codicibus
634 1368 754 1432 nostris
770 1366 1002 1454 discrepantia,
1027 1388 1123 1453 quam
1137 1366 1224 1453 apud
1239 1365 1316 1430 Hie-

168 1481 341 1555 ronymum
366 1469 654 1556 deprehendimus,
682 1469 805 1534 indicio
832 1491 903 1534 esse
926 1470 1029 1556 possit
1052 1467 1122 1532 ludi
1144 1469 1318 1554 magistros

165 1566 217 1633 his
247 1569 419 1638 sententiis
451 1572 497 1635 ita
518 1593 594 1636 usos
618 1593 757 1654 esse,u
759 1580 911 1659 tpueros
934 1572 1114 1636 orationem
1136 1571 1265 1634 variare
1287 1577 1319 1632 et

167 1670 364 1758 homonyma
387 1673 507 1738 substit
466 1679 586 1738 ttuere
608 1673 826 1737 instituerent.

253 1774 353 1838 Vix
343 1797 378 1837 ιιι
401 1796 533 1839 censum
556 1773 721 1839 vocandus
745 1785 794 1839 est
816 1743 1067 1855 Macrobius,
1091 1795 1186 1859 quem
1202 1793 1261 1837 sua
1276 1795 1318 1837 ex

166 1873 274 1940 Gellio
304 1874 556 1963 descripsisse
547 1898 612 1940 ram
635 1900 734 1964 supra
756 1873 811 1964 pg.
833 1878 864 1941 5.
887 1875 1193 1940 demonstravimus.
1230 1874 1314 1938 Ulti-

164 1998 254 2040 mum
277 1977 361 2041 inter
384 1987 532 2043 auctores
548 1987 677 2043 veteres
700 1987 817 2043 testem
831 1977 1043 2065 producimus
1067 1975 1316 2070 Saluianum,

165 2099 208 2141 ex
230 2078 322 2143 ouius
345 2078 456 2143 verbis
483 2078 540 2165 (de
561 2081 639 2165 gub.
664 2079 718 2143 dei
746 2082 780 2161 l,
804 2080 905 2144 1οι
868 2085 905 2144 ut
931 2079 983 2144 illc
1005 2080 1053 2143 ait
1041 2076 1190 2142 tamna
1211 2063 1309 2155 nobis,

165 2185 276 2245 nostro
294 2181 370 2264 plus
391 2182 466 2246 aliis
481 2182 610 2264 placent
630 2208 672 2236 =
694 2203 726 2246 v.
750 2181 806 2265 28)
830 2165 1007 2244 senientias
1029 2176 1138 2243 medio
1161 2199 1245 2242 saec.
1267 2177 1310 2243 V.

163 2282 199 2345 in
221 2281 395 2347 multorum
415 2305 482 2366 ore,
505 2282 563 2346 sed
586 2293 701 2370 poetae
722 2303 840 2347 nomen
854 2283 1001 2367 ignotum
1018 2281 1120 2345 fuisse
1136 2279 1310 2364 colligitur.

250 2383 343 2449 Haec
366 2383 434 2448 fere
458 2383 499 2447 de
514 2383 656 2449 Publilio
679 2383 931 2474 exauctoribus
954 2382 1065 2446 latinis
1082 2395 1194 2446 eruere
1208 2381 1311 2446 licuit.

166 2483 222 2547 Ex
246 2485 326 2570 ipsis
351 2486 523 2550 sententiis
546 2487 651 2573 possit
672 2485 791 2571 aliquis
813 2484 930 2549 elicere
945 2476 1115 2570 Euripidis
1130 2483 1317 2568 tragoedias

168 2596 202 2650 et
218 2587 414 2652 comicorum
432 2609 624 2672 graecorum
639 2586 768 2651 fabulas
783 2585 871 2650 haud
886 2586 1069 2670 incognitas
1086 2584 1188 2648 fuisse
1204 2582 1316 2649 Publi-

163 2685 208 2751 lio
242 2686 299 2773 (cf.
322 2687 365 2751 ad
387 2710 421 2751 v.
443 2689 496 2753 36.
520 2689 594 2754 438.
616 2689 689 2753 458.
713 2689 808 2773 636),
839 2685 1026 2752 Phaedrum
1056 2695 1168 2751 contra
1195 2686 1315 2772 passim

164 2789 304 2854 Publilii
333 2791 513 2862 sententias
544 2791 747 2877 expressisse
778 2791 835 2876 (cf.
859 2788 901 2853 ad
930 2811 962 2852 v.
986 2789 1060 2854 255.
1083 2775 1173 2872 644).
1218 2785 1315 2866 Quod

169 2891 313 2978 denique
336 2893 371 2956 in
391 2892 543 2956 versibus
558 2893 632 2958 450.
649 2893 711 2958 635
732 2893 858 2977 patriae
878 2891 1013 2955 relictae
1035 2900 1067 2955 et
1089 2889 1315 2954 manumissio-

170 2994 222 3058 nis
251 2995 406 3059 memoria
433 2995 583 3077 inicitur,
612 2995 756 3057 animum
783 2993 940 3078 cogitatio
969 2991 1058 3057 subit
1079 2988 1257 3054 Publilium
1280 3012 1317 3052 ca

169 3117 297 3181 quoque
319 3094 409 3160 haud
431 3117 504 3160 raro
526 3095 688 3180 attigisse,
712 3117 795 3181 quae
816 3093 859 3158 ad
881 3095 985 3180 ipsius
1007 3113 1179 3179 personam
1199 3092 1315 3156 vitam-

172 3219 236 3283 que
257 3198 485 3284 pertincrent.·
507 3196 573 3263 Sed
595 3197 674 3260 hacc
690 3197 792 3261 satius
807 3195 939 3260 videtur
953 3196 987 3259 in
1001 3194 1109 3259 medio
1123 3192 1316 3279 relinquere.
1354 3205 1362 3210 “
1408 3229 1410 3234 -

618 3405 846 3414 ..----

212 3609 266 3692 ΙΙ.
315 3608 375 3692 De
407 3608 687 3695 sententiarum
717 3607 1030 3694 Publilianarum
1061 3605 1273 3738 codicibus.
1319 3671 1322 3676 -

246 3808 422 3892 Codicum,
447 3809 503 3894 qui
524 3809 708 3873 sententias
730 3831 751 3871 a
772 3809 866 3873 nobis
889 3787 994 3872 editas
1018 3807 1198 3889 continent,
1221 3804 1312 3869 dum-

160 3908 257 3974 modo
282 3911 472 3975 memineris
496 3909 632 3975 Publilii
655 3931 772 3975 nomen
794 3910 985 3997 plerumque
1006 3908 1145 3973 cessisse
1161 3907 1314 3990 Senecae,

160 4020 229 4074 tam
258 4034 378 4096 magna
409 4021 459 4076 est
488 4013 598 4099 copia,
626 4022 663 4077 ut
686 4012 827 4076 editores
849 4010 904 4083 vel
925 4012 1121 4076 novissimos
1142 4010 1314 4095 perpaucis

161 4123 313 4196 tantum,
337 4124 369 4179 et
392 4114 479 4200 quod
501 4113 599 4178 valde
621 4113 797 4180 dolendum
820 4101 868 4179 est
874 4115 1025 4201 p,artim
1049 4117 1218 4197 corruptis,
1240 4108 1313 4173 aliis

165 4215 272 4282 bonae
302 4216 437 4303 quidem
464 4226 561 4282 notae
591 4214 648 4282 sed
676 4218 817 4302 pessime
840 4215 948 4280 coltla
925 4224 967 4280 trs
989 4215 1031 4279 ad
1054 4211 1217 4277 emendat
1191 4219 1313 4277 t1onem

164 4341 242 4384 usos
267 4340 338 4383 esse
360 4321 431 4386 iure
452 4321 634 4405 meritoque
655 4318 795 4382 mireris.
841 4316 964 4396 Quos
956 4339 1026 4404 1pse
1047 4314 1214 4379 adhibui
1205 4337 1239 4378 ιιι
1255 4313 1311 4377 ad-

161 4420 307 4485 ornanda
329 4422 408 4486 edit
384 4430 473 4486 trone
495 4444 577 4503 mea,
602 4420 637 4484 hi
659 4430 749 4485 sunt:
1408 4467 1413 4473 .

248 4522 440 4610 l)Oodex
473 4523 687 4587 Parisinus
721 4523 794 4587 lat
765 4531 877 4587 trnus
906 4521 991 4585 2676
1015 4519 1114 4605 (Ρα),
1148 4499 1311 4582 membra-
