3228 5184
327 445 383 510 108
632 460 787 510 euenum
811 459 887 508 srm
912 461 1142 510 suurnurmn.

320 601 381 679 585
405 613 487 701 Spes
507 623 558 677 est
579 613 705 696 salutis,
728 613 784 678 ubi
806 613 970 680 hominem
993 613 1145 698 obiurg'at
1166 612 1281 700 pudor.

406 715 550 782 Suadere
572 717 723 802 primum,
745 716 822 779 dein
844 716 1007 800 corrigere
1029 714 1175 780 benivoli
1200 724 1259 780 est.

406 819 543 905 Sapiens
566 827 678 885 eontra
700 839 810 883 omnes
832 839 922 881 arma
943 817 1018 899 fert,
1042 837 1115 880 eum
1137 817 1269 902 cogitat.

407 919 654 984 Sanctissimum
676 928 726 983 est
747 919 945 1004 meminisse,
969 919 1022 983 cui
1043 927 1076 982 te
1099 917 1230 984 debeas.

406 1020 505 1086 Stulti
527 1023 643 1086 timent
664 1023 838 1104 fortunam,
863 1022 1027 1108 sapientes
1051 1019 1171 1085 ferunt.

321 1129 384 1188 590
406 1122 538 1205 Sensus,
562 1145 627 1187 non
648 1132 737 1188 aetas
762 1124 890 1188 invenit
912 1123 1118 1209 sapientiam.

407 1224 541 1312 Semper
562 1224 691 1289 beatam
714 1246 749 1290 se
763 1234 865 1312 putat
886 1224 1085 1310 benignitas.

407 1327 511 1414 Saepe
532 1326 731 1411 ignoscendo
753 1325 811 1390 des
834 1327 972 1391 iniuriae
994 1325 1110 1391 locum.

407 1428 497 1493 Solet
519 1451 590 1494 esse
612 1429 647 1493 in
668 1428 779 1493 dubiis
802 1450 860 1515 pro
884 1428 1020 1494 consilio
1043 1427 1219 1492 temeritas.

406 1531 540 1618 Semper
562 1530 733 1596 consilium
755 1539 834 1595 tunc
856 1528 958 1612 deest,
983 1551 1057 1594 cum
1079 1552 1159 1617 opus
1181 1537 1232 1593 est
1254 1529 1408 1592 maxime.

322 1637 382 1696 595
407 1632 544 1719 Sapiens
567 1631 653 1718 quod
675 1633 798 1719 petitur
818 1632 877 1696 ubi
897 1641 995 1713 tacet,
1018 1631 1164 1696 breviter
1185 1640 1293 1716 negat.

406 1733 540 1821 Semper
562 1733 633 1821 plus
656 1735 771 1798 metuit
792 1735 919 1797 animus
943 1734 1091 1819 ignotum
1113 1732 1243 1801 malum.

406 1834 556 1900 Secunda
577 1838 613 1900 in
635 1843 826 1922 paupertate
848 1833 978 1899 fortuna
1001 1844 1051 1900 est
1072 1834 1165 1900 fides.

407 1937 443 2003 Si
465 1936 512 2001 nil
534 1935 616 2002 velis
639 1938 764 2018 timere,
792 1947 918 2001 metuas
940 1938 1059 2019 omnia.

406 2039 621 2105 Summissum
642 2039 814 2126 imperium
836 2060 901 2103 non
921 2049 1010 2103 tenet
1032 2040 1120 2103 vires
1142 2061 1228 2103 suas.

322 2149 384 2207 600
406 2140 577 2207 Secundus
601 2149 650 2204 est
671 2162 691 2203 e
713 2150 816 2205 matre
837 2141 975 2205 nutricis
998 2139 1100 2207 dolor.
1191 2203 1196 2207 ,

407 2242 477 2309 Sibi
499 2245 563 2329 ipsi
586 2241 793 2329 supplicium,
817 2241 952 2308 admissi
974 2264 1070 2328 quem
1091 2243 1245 2329 paenitet.

406 2345 507 2426 Suum
531 2346 678 2431 sequitur
700 2343 807 2409 lumen
834 2366 962 2432 semper
984 2345 1177 2408 innocentia.

407 2446 548 2512 Stultum
571 2455 620 2510 est
642 2445 742 2510 alium
765 2445 850 2510 velle
871 2446 986 2512 ulcisci
1009 2466 1119 2534 poena
1136 2469 1204 2513 sua.

406 2545 478 2612 Sibi
500 2549 603 2635 primo
626 2547 786 2612 auxilium
809 2549 934 2635 eripere
956 2558 1005 2614 est
1027 2547 1115 2634 leges
1138 2547 1261 2613 tollere.

325 2843 458 2886 uomens
481 2844 505 2882 ι.
522 2824 704 2891 584-625;
727 2827 757 2881 F
768 2819 818 2902 (Τ)

321 2962 408 3036 possit
422 2960 527 3034 putat':
550 2957 568 2995 ‘¹‘
585 2965 706 3020 correxi
810 2961 872 3020 585
895 2979 957 3036 ερεε
973 2980 996 3019 ε.
1012 2969 1070 3035 est,
1098 2961 1148 3018 ubi
1163 2961 1191 3018 h.
1208 2980 1232 3019 o.
1248 2963 1330 3018 timor
1349 2963 1374 3017 T

322 3045 383 3104 586
407 3046 433 3102 d.
457 3064 479 3102 c.
501 3046 528 3103 b.
550 3055 592 3103 εει
606 3048 714 3104 Bothe.-
733 3046 760 3102 h.
779 3054 821 3103 est
842 3047 868 3102 d.
885 3064 909 3103 c.
927 3048 962 3118 F,
983 3066 1005 3104 s.
1020 3047 1048 3104 b.
1073 3049 1115 3104 est
1135 3065 1162 3120 p.
1184 3047 1209 3104 d.
1232 3065 1255 3103 c.
1273 3047 1381 3104 Gruter

322 3131 384 3190 590
405 3147 514 3186 sensum
536 3149 591 3188 non
612 3140 682 3188 aetas
703 3133 806 3187 invenit
825 3133 956 3205 sapientia
974 3134 1011 3196 Τ,·
1033 3151 1072 3188 on
1094 3132 1216 3188 invehit?
1300 3131 1360 3188 592
1384 3148 1469 3206 saepe

321 3215 512 3290 ignoscendo.
531 3259 537 3271 .
555 3217 667 3272 iniuriae
688 3215 778 3272 locum
800 3216 925 3273 Gruter.-
952 3219 1058 3290 sapiens
1078 3233 1185 3290 semper
1206 3216 1384 3290 quiescendi.
1402 3216 1469 3272 ‚lo-

321 3316 381 3356 cum
397 3301 508 3355 iniuriae
524 3302 563 3364 F
559 3325 565 3337 ·
587 3301 627 3374 cf.
645 3319 670 3357 a.
688 3299 758 3358 238.
774 3300 836 3359 465
933 3296 951 3334 *
967 3302 1027 3358 des·
1045 3301 1090 3357 dat
1105 3302 1141 3372 F,
1157 3301 1203 3356 das
1220 3302 1343 3365 (ἕνεκα
1358 3301 1398 3373 ef.
1413 3319 1464 3374 99.

322 3385 360 3442 61
448 3383 538 3442 593
531 3401 558 3440 ιιι
579 3386 745 3442 adversisT
849 3385 909 3442 594
934 3403 1002 3460 opus
1023 3394 1065 3452 est
1085 3387 1246 3460 Βεεὸιζιοηε
1268 3393 1310 3441 est
1331 3402 1401 3459 opus
1424 3386 1466 3450 F,-

321 3486 382 3526 cum
404 3486 472 3542 opus
493 3486 615 3526 maxume
637 3478 679 3526 est
700 3475 897 3552 seripserunt,
921 3475 971 3544 qui
990 3471 1067 3527 deest
1081 3447 1255 3566 disyllabum
1270 3478 1458 3542 occeperunt:

322 3554 408 3625 esto.
433 3553 500 3610 151.
509 3554 595 3646 229.
612 3554 672 3612 628
759 3555 820 3614 595
842 3554 981 3612 Menand.
1005 3556 1127 3614 Monost.
1150 3543 1255 3613 223
1239 3573 1256 3627 η
1283 3543 1338 3630 yde
1366 3544 1479 3630 σιωπὴ.

321 3639 466 3710 μαρτυρεῖ
485 3625 516 3693 τὸ
537 3658 578 3711 μη
571 3625 700 3694 θέλειν
808 3640 869 3698 596
891 3634 1066 3739 ignotum]
1053 3661 1072 3696 r.
1090 3655 1114 3696 e.
1134 3658 1242 3712 parum
1263 3647 1358 3697 notum

322 3722 382 3780 598
407 3723 519 3780 Seneca
535 3731 594 3780 nat.
610 3733 720 3798 quaest.
738 3727 767 3798 6,
784 3726 813 3796 2,
830 3725 881 3782 3
883 3726 906 3781 si
921 3725 1003 3781 vultis
1024 3725 1091 3781 nihil
1113 3726 1223 3797 timere,
1243 3726 1361 3800 cogitate
1377 3726 1466 3781 omnia

321 3823 381 3863 esse
396 3807 536 3863 timenda!
583 3809 627 3882 Cf.
645 3828 671 3869 v.
691 3811 760 3868 116.
777 3769 837 3869 607
924 3811 961 3866 nil
978 3810 1109 3882 Ιη9οἱε1..·
1104 3807 1190 3865 ·ιιίΙιίΙ
1207 3811 1235 3866 F
1323 3809 1381 3867 601
1407 3811 1465 3866 Re-

321 3895 454 3964 sparsisse
469 3894 581 3950 videtur
596 3894 663 3951 Seu.
679 3897 775 3952 derra
792 3895 827 3967 3,
844 3895 895 3966 26,
911 3893 962 3950 2
964 3896 1075 3951 maxims
1092 3901 1133 3950 est
1149 3894 1255 3950 sactae
1247 3895 1360 3950 iniuriae
1376 3910 1464 3968 poene

321 3977 433 4047 fecisse,
455 3993 504 4032 uec
525 3979 679 4053 qnisquam
691 3981 798 4054 gravius
819 3939 959 4051 adficitur,
982 3996 1060 4073 quam
1082 3981 1128 4052 qui
1149 3978 1181 4034 ad
1197 3980 1357 4054 supplicium
1372 3980 1466 4076 prepi·

317 4062 421 4118 tentiae
442 4062 581 4118 traditur.'
625 4063 763 4121 Menoud.
785 4064 907 4122 Monost.
932 4065 987 4122 eet
1014 4049 1033 4134 ἡ
1057 4057 1087 4120 δὲ
1113 4056 1255 4136 μετάνοια
1279 4050 1428 4138 γίγνεθ’
1411 4081 1466 4116 αν

321 4140 457 4220 θρώποις
482 4145 575 4222 κρίσις
672 4150 819 4223 sort.1pse
919 4145 1113 4223 *supplicium
1135 4148 1205 4205 adm.
1227 4165 1320 4224 quem.
1342 4147 1386 4203 dat
1402 4165 1464 4222 sup

323 4250 402 4306 quem
418 4232 533 4288 sde
600 4229 734 4310 paenitet]
751 4233 835 4308 pudet
851 4238 989 4298 editorem
1011 4234 1094 4306 cf.o.
1113 4233 1183 4291 196
1201 4234 1262 4292 366
1341 4232 1432 4290 602
1424 4249 1467 4289 ιιι-

321 4319 472 4374 nocentiam
484 4319 606 4376 Botlrius
671 4318 731 4377 603
757 4317 834 4418 Cf,v
837 4320 916 4377 .6ll
935 4317 1113 4376 etMenond.
1124 4318 1246 4376 Monost.
1263 4316 1321 4375 152
1338 4306 1467 4390 ἐχθρούς

321 4387 439 4473 ἀμύνου
454 4389 495 4476 μὴ
507 4388 551 4457 ’πὶ
568 4400 604 4481 τῇ
620 4417 730 4458 coctos
719 4395 845 4481 βλάβῃ
947 4404 1016 4460 velle
1031 4404 1125 4460 ulcisci
1140 4401 1268 4476 In'yotstr
1286 4401 1339 4458 ule.
1356 4403 1425 4459 velle
1441 4405 1470 4459 F

323 4484 384 4544 604
406 4489 493 4560 primo
510 4490 619 4545 Bothe.-
640 4490 755 4562 primum
772 4490 800 4543 F
883 4490 988 4562 eripere
1003 4496 1045 4544 est
1059 4489 1189 4563 Inpolst:
1205 4495 1246 4544 est
1262 4504 1300 4542 er.
1317 4489 1346 4542 F
