3252 5180
282 381 284 394 '
332 369 376 435 40
769 383 1042 432 rsousoousus.

334 560 418 603 saec.
441 538 504 602 IX.
529 548 561 603 et
576 539 620 602 X.
644 539 895 624 descripserunt,
917 560 982 602 non
1004 538 1108 622 magis
1131 538 1179 600 rei
1201 538 1355 601 metricae
1376 539 1475 623 periti

334 650 442 705 essent
464 627 561 726 quam
582 639 649 725 ille,
673 641 729 726 qui
751 640 873 727 primus
895 629 1156 727 supplementum
1171 640 1403 703 sententiarum
1419 661 1473 725 pe-

334 742 493 806 destrium
515 740 621 806 codici
643 763 701 805 suo
723 739 901 806 inculcavit
924 751 955 806 et
977 741 1136 806 maiorum
1152 741 1392 805 enuntiatorum
1406 763 1473 804 am-

333 842 423 908 bitus
451 843 498 906 ita
526 842 731 929 dispertiisse
760 843 838 908 satis
867 842 996 925 habuit,
1028 851 1064 907 ut
1092 842 1239 928 singulos
1268 841 1337 905 fere
1358 863 1474 907 versus

335 942 513 1030 explerent,
537 943 659 1008 factum
682 952 740 1027 est,
764 953 800 1008 ut
822 944 924 1007 verba
945 953 1061 1030 poetae
1082 966 1148 1008 non
1170 943 1274 1010 solum
1295 944 1473 1008 notissimis

283 1105 288 1120 ,
335 1045 502 1110 socordiae
524 1044 699 1131 generibus
722 1044 940 1129 foedarentur,
965 1045 1023 1110 scd
1046 1047 1143 1110 etiam
1158 1045 1212 1109 hic
1229 1043 1297 1108 illic
1311 1046 1377 1110 suis
1394 1044 1474 1110 locis

335 1154 552 1211 moverentur.
596 1147 747 1212 Ceterum
782 1147 824 1211 ad
856 1148 1094 1214 restituendum
1132 1148 1306 1235 pristinum
1337 1147 1474 1212 nitorem

334 1249 468 1312 minime
496 1258 563 1313 tam
591 1248 729 1314 fortibus
758 1250 911 1315 remediis
939 1271 1018 1337 opus
1048 1251 1110 1314 erit
1132 1249 1286 1336 quamin
1307 1249 1414 1313 Plauti
1435 1254 1475 1313 a'c

334 1349 482 1414 Terentii
503 1349 634 1413 fabulis.
1160 1350 1166 1356 ’

420 1450 486 1515 Sed
513 1460 549 1515 ut
563 1450 789 1516 concedamus
818 1473 872 1516 eas
900 1454 1078 1523 sententias
1099 1453 1217 1518 iambis
1240 1452 1295 1515 vcl
1315 1452 1476 1517 trochaeis

334 1552 507 1617 adstrictas
531 1575 611 1635 esse,
624 1575 721 1636 ‚nova
744 1556 891 1619 exoritur
913 1556 1069 1641 quaestio,
1094 1577 1156 1642 quo
1172 1556 1242 1618 iure
1257 1553 1399 1619 Publilio
1420 1577 1474 1618 eas

334 1654 540 1735 addicamus,
565 1677 638 1719 cum
660 1664 774 1742 poetae
795 1677 914 1720 nomen
935 1679 977 1720 ne
999 1679 1099 1721 unum
1121 1655 1251 1742 quidem
1274 1654 1419 1720 codicem
1441 1658 1476 1721 in

334 1757 440 1821 fronte
463 1755 627 1843 praeferre
649 1757 715 1820 iam
736 1779 835 1842 supra
857 1757 1085 1823 docuerimus?
1109 1758 1145 1822 Si
1167 1759 1201 1820 in
1215 1779 1315 1821 unum
1330 1756 1475 1842 colligas,

336 1880 418 1944 quae
441 1857 482 1920 de
496 1856 632 1921 Publilii
655 1859 826 1922 sententiis
843 1859 1037 1925 Senecarum
1058 1859 1197 1923 rhetoris
1220 1881 1258 1921 ac
1280 1857 1475 1946 philosophi,

336 1957 437 2023 Gellii
460 1967 494 2034 et
513 1959 672 2034 Macrobii
695 1961 890 2025 testimoniis
913 1983 971 2048 pro
994 1959 1172 2048 exploratis
1195 1959 1308 2023 haberi
1330 1970 1475 2048 possunt,

335 2083 372 2124 eo
394 2060 532 2124 redeunt
554 2062 673 2144 omnia,
695 2070 732 2125 ut
754 2070 879 2127 constet
902 2083 956 2126 eas
978 2061 1080 2126 fuisse
1095 2061 1232 2146 singulis
1248 2061 1398 2126 versibus
1414 2063 1475 2125 cir-

336 2163 559 2249 cumscriptas,
583 2161 754 2250 plerasque
776 2164 912 2228 senariis
935 2162 1085 2228 iambicis
1109 2164 1317 2254 compositas,
1338 2162 1474 2228 nonnul-

335 2263 383 2327 las
416 2265 614 2340 tetrametris
641 2265 831 2348 trochaicis,
866 2265 1007 2352 denique
1037 2266 1233 2352 pertinuisse
1264 2263 1308 2328 ad
1335 2264 1474 2351 philoso-

335 2365 445 2452 phiam
472 2364 626 2429 moralem
648 2367 744 2430 etad
766 2388 1174 2432 communem-sermonum
1196 2390 1290 2432 usum
1313 2389 1475 2432 commen-

289 2482 291 2486 ’
336 2467 520 2531 <latissimas
554 2468 666 2531 fuisse.
711 2468 803 2548 Quae
832 2468 940 2532 omnia
971 2491 1037 2533 non
1064 2467 1168 2532 solum
1196 2469 1331 2533 mirifice
1360 2491 1474 2538 conve-

334 2571 429 2632 niunt
451 2590 525 2632 cum
547 2569 716 2633 sententiis
739 2571 870 2653 nostris,
894 2569 952 2633 sed
975 2571 1073 2634 ctiam
1095 2591 1209 2634 versus
1233 2572 1260 2632 1.
1282 2570 1313 2632 2.
1335 2570 1386 2637 55.
1405 2571 1475 2635 104.

339 2671 410 2735 176.
434 2671 505 2735 178.
527 2671 600 2734 221.
622 2671 695 2734 234.
718 2672 791 2736 236.
813 2672 886 2736 245.
909 2670 982 2736 250.
1006 2671 1079 2736 286.
1102 2671 1174 2736 362.
1197 2670 1475 2754 383116111111111,

337 2794 417 2859 quos
439 2795 459 2835 a
482 2772 605 2837 Seneca
628 2782 659 2837 et
681 2770 789 2836 Gellio
811 2771 954 2838 Publilio
976 2774 1077 2839 tribui
1101 2772 1256 2840 vidimus.

422 2875 592 2962 Superest,
621 2882 658 2938 ut
681 2873 872 2961 quomodo
895 2874 1067 2940 Publilii
1094 2895 1234 2938 nomen
1255 2874 1476 2938 intercide-

336 2977 391 3041 rit
413 2977 659 3042 acSenecae
680 2979 721 3040 in
744 2977 829 3039 eius
852 2975 985 3042 locum
1007 2978 1270 3058 successerit,
1293 2977 1404 3062 paucis
1420 2997 1475 3039 ex-

268 3083 274 3093 '
337 3101 506 3165 ponamus.
550 3078 663 3142 Potest
695 3077 730 3142 id
757 3099 842 3153 ,casu
874 3078 1048 3159 accidisse,
1082 3079 1221 3142 rescisso
1254 3080 1358 3165 primo
1386 3075 1476 3158 folio,

338 3202 435 3267 quarn
457 3181 673 3266 suspicionem
696 3178 802 3245 codex
823 3177 890 3262 ille,
913 3169 1000 3244 unde
1015 3180 1209 3244 Turioensis·
1219 3180 1400 3265 descriptus
1417 3188 1477 3261 est,

337 3279 470 3346 mutilus
492 3281 596 3362 initio,
620 3281 809 3345 confirmare
824 3280 970 3366 videtur,
994 3291 1101 3368 potest
1123 3282 1165 3346 ad
1182 3303 1256 3345 eum
1270 3279 1476 3345 librariorum

336 3406 460 3448 morem
487 3382 618 3466 referri,
647 3390 697 3463 ut,
727 3404 809 3469 quae
837 3381 954 3447 litteris
983 3383 1158 3448 maioribus
1188 3381 1352 3447 exaranda
1375 3392 1477 3464 erant,

337 3485 441 3550 veluti
462 3483 585 3567 titulos,
608 3486 726 3571 pictori
748 3492 860 3571 postea
876 3484 1037 3571 explenda
1051 3484 1290 3572 relinquerent3
1314 3490 1421 3571 potest
1442 3482 1477 3545 id

338 3588 479 3674 denique
500 3587 582 3671 fingi
603 3585 673 3651 ludi
695 3587 923 3672 magistrorum
947 3585 1042 3673 culpa
1058 3598 1090 3666 et
1108 3585 1341 3674 discipulorum
1356 3585 1478 3648 factum

339 3711 424 3771 esse,
447 3699 484 3754 ut
507 3689 584 3752 dum
606 3689 641 3751 in
663 3689 833 3752 sententiis
855 3687 1126 3780 interpretandis,
1151 3687 1385 3768 describendis,
1410 3684 1477 3748 edi-

339 3789 468 3856 scendis
496 3788 672 3873 desudant,
702 3812 815 3855 versus
839 3791 926 3877 ipsos
949 3791 1054 3876 magis
1078 3798 1228 3854 curarent
1250 3811 1347 3875 quam
1368 3795 1478 3853 aucto-

338 3915 407 3956 rem
421 3885 553 3956 alirindc
568 3914 683 3979 pamm
697 3902 820 3957 notum.
858 3891 924 3957 Sed
944 3891 1072 3957 facilior
1088 3891 1262 3979 explicatio
1278 3891 1479 3977 inpromptu

339 4005 397 4060 est.
436 3977 524 4059 (lumx
540 3995 627 4057 enim
648 3997 808 4080 posterior
830 3995 1062 4059 sententiarum
1078 4016 1152 4080 pars
1168 3993 1358 4074 interiisset,
1380 3991 1478 4054 aliae-

339 4117 401 4185 que
424 4118 466 4160 ex
487 4095 571 4161 libro
594 4095 635 4159 de
657 4096 801 4161 moribus
824 4097 858 4161 in
881 4095 1120 4160 carumlocum
1142 4104 1250 4160 essent
1271 4095 1478 4175 substitutae,

339 4221 435 4287 quem
462 4198 582 4262 librum
611 4198 677 4262 iam
705 4207 798 4262 sexto
821 4207 894 4286 post
917 4197 1084 4261 Christum
1106 4195 1234 4261 saeculo
1257 4195 1398 4261 Senecae
1420 4219 1478 4260 no-

338 4304 426 4366 mine
459 4301 552 4364 citari
587 4299 698 4365 docuit
726 4299 884 4381 Haasius,
917 4301 952 4363 in
979 4298 1116 4385 praefat.
1144 4293 1196 4362 ad
1215 4297 1290 4362 Sen.
1321 4297 1385 4360 vol.
1414 4295 1478 4360 III.

338 4425 393 4490 pg.
416 4402 501 4485 XX,
530 4400 675 4489 proclive
704 4423 781 4465 sane
807 4401 870 4466 fuit
897 4399 1009 4465 relicto
1032 4398 1174 4465 Publilio
1196 4398 1239 4463 ad
1262 4420 1333 4462 earn
1355 4399 1478 4484 opinio-
