3252 5180
608 495 881 546 rnonseounus.
1274 481 1316 548 35

164 671 253 730 esse,
279 647 338 712 sed
358 646 435 711 inde
449 669 469 711 a
485 647 651 733 Scaligero
666 649 701 712 in
716 647 908 713 Publilianis
924 670 1068 736 quoque,
1090 649 1178 714 unde
1193 650 1314 714 factum

163 760 234 833 est,
258 759 295 814 ut
317 748 480 814 miscendo
504 748 588 814 falsa
610 759 643 814 et
665 771 754 832 vera,
779 772 861 836 quae
883 751 918 814 in
940 749 1108 816 codicibus
1131 762 1223 817 erant
1245 753 1313 817 suis

162 851 249 916 locis
272 851 423 932 discreta,
446 852 481 915 in
502 874 603 916 unum
625 852 732 916 omnia
752 851 940 917 conflarent.
984 853 1068 916 Nam
1089 853 1118 917 si
1139 854 1211 940 quis
1225 874 1315 920 seor·

165 955 234 1017 sim
264 951 337 1017 illas
365 951 523 1017 edidisset
553 962 682 1018 servato
712 975 750 1017 eo
778 953 909 1036 ordine,
938 975 1002 1040 quo
1030 954 1065 1017 in
1087 953 1256 1020 codicibus
1279 977 1314 1020 se

166 1055 349 1141 excipiunt,
373 1053 569 1120 vixdubito
593 1056 673 1140 quin
693 1053 813 1141 aliquis
837 1064 924 1119 certe
947 1054 1108 1120 extiturus
1124 1055 1235 1140 fuerit,
1259 1058 1315 1144 qui

165 1156 317 1220 nativum
342 1156 542 1219 senariorum
565 1154 704 1221 colorem
726 1178 746 1220 a
769 1156 941 1222 sententiis
964 1178 1022 1243 per
1045 1157 1113 1220 vim
1134 1156 1177 1221 ad
1200 1159 1314 1222 carmi·

164 1280 248 1321 num
270 1256 407 1320 formam
429 1256 566 1321 detortis
589 1257 799 1323 discerneret.

255 1359 301 1422 At
322 1357 403 1422 mihi
424 1356 521 1443 longe
543 1357 607 1422 alia
628 1381 719 1424 mens
743 1369 803 1424 est.
847 1359 917 1425 Iam
940 1357 1027 1445 quod
1048 1361 1084 1424 in
1105 1361 1236 1446 optimis
1260 1383 1313 1426 co·

166 1459 299 1524 dicibus
323 1468 472 1524 servatae
494 1470 570 1525 sunt
590 1459 665 1524 illae
681 1463 871 1543 sententiae,
895 1461 972 1526 hinc
986 1473 1074 1528 certe
1088 1484 1130 1526 ne
1144 1465 1314 1529 minimum

167 1560 303 1648 quidem
324 1562 529 1626 auctoritatis
552 1563 592 1626 iis
609 1563 798 1628 adcrescere
813 1562 909 1628 facile
924 1563 1135 1649 intellegitur,
1158 1565 1188 1628 si
1209 1574 1314 1631 tecum

166 1665 389 1750 reputaveris,
414 1663 544 1728 demum
566 1685 586 1726 a
608 1664 718 1728 littera
733 1664 776 1744 N,
800 1687 863 1753 quo
884 1665 956 1752 ipso
978 1664 1050 1732 loco
1071 1687 1187 1732 versus
1202 1664 1313 1732 Publi·

166 1766 251 1829 liani
272 1767 307 1829 in
329 1765 479 1831 omnibus
501 1763 595 1830 libris
612 1777 749 1853 excepto
764 1767 832 1831 fere
846 1789 910 1833 uno
926 1767 1132 1852 Frisingensi
1147 1767 1314 1852 deficiunt,

167 1868 348 1932 sententias
370 1865 436 1951 legi
458 1867 629 1953 rythmicis
652 1868 795 1932 numeris
818 1876 976 1933 carentes.
1021 1868 1103 1950 Quis
1125 1891 1191 1933 non
1211 1870 1314 1952 videt,

167 1978 342 2056 postquam
357 1970 525 2055 'posterior
547 1991 621 2056 pars
645 1970 878 2035 sententiarum
900 1969 1129 2052 interciderat,
1158 1971 1313 2036 substitu-

167 2083 220 2135 tas
251 2092 304 2134 cas
334 2092 406 2134 esse
434 2069 477 2134 ad
504 2069 652 2136 lacunam
680 2070 890 2157 explendam,
922 2093 996 2135 cum
1023 2073 1215 2158 praesertim
1236 2095 1314 2136 vere

168 2171 375 2237 Publilianae
391 2211 428 2218 -
447 2180 479 2237 et
502 2194 597 2257 quam
619 2170 694 2236 illae
710 2173 859 2237 diversae
875 2211 913 2219 -
930 2182 1043 2256 postea
1058 2174 1124 2236 sint
1141 2174 1314 2260 repertae?

168 2274 271 2338 Porro
294 2275 322 2337 si
344 2275 416 2361 quis
438 2273 648 2360 perpenderit
669 2276 754 2338 inter
776 2273 848 2338 illas
872 2275 1052 2338 sententias
1073 2296 1115 2340 ne
1129 2297 1227 2338 unam
1243 2277 1313 2362 qui-

169 2375 242 2438 dem
265 2397 344 2456 esse,
368 2397 450 2461 quae
465 2397 485 2437 a
502 2375 665 2440 veteribus
681 2374 823 2441 Publilio
839 2375 1013 2458 tribuatur,
1037 2398 1103 2440 eas
1127 2376 1176 2439 ad
1198 2398 1314 2440 unam

170 2498 305 2542 omnes
335 2475 575 2541 abiciendas
606 2498 695 2542 esse
722 2476 899 2542 Publilii
929 2476 1079 2541 editori
1107 2478 1167 2541 vix
1195 2478 1314 2565 poterit

169 2599 300 2664 negare.
529 2565 532 2576 ’

255 2682 301 2744 At
316 2679 439 2744 dixerit
461 2680 598 2745 forsitan
613 2681 786 2766 quispiam,
809 2689 846 2744 ut
867 2678 963 2765 longe
979 2679 1118 2767 plurima
1133 2701 1314 2744 sermonem

171 2781 359 2870 pedestrem,
372 2782 511 2869 sapiant,
534 2783 581 2846 ita
599 2791 708 2845 tamen
722 2803 795 2846 rara
810 2781 969 2868 quaedam
983 2782 1119 2868 reperiri
1135 2780 1313 2847 conceden-

171 2885 249 2949 dum
272 2906 359 2967 esse,
391 2906 474 2970 quae
495 2886 579 2948 ictus
602 2882 758 2948 iambicos
781 2893 892 2970 aperte
914 2881 1071 2970 prodant,
1101 2882 1194 2948 verbi
1216 2905 1314 2948 causa

171 2987 365 3052 sententiam
387 2986 530 3050 omnium
552 2985 621 3048 fere
638 3006 798 3050 consensu
814 2986 899 3049 inter
913 2982 1115 3048 Publilianas
1133 2994 1311 3070 receptam:

367 3128 501 3186 Timidus
522 3132 603 3186 corut
624 3144 653 3186 se
675 3131 802 3194 ructum,
819 3144 946 3199 parcunt
967 3127 1110 3185 sordidus.

170 3257 284 3344 Neque
312 3256 348 3321 id
375 3255 472 3344 plane
500 3257 673 3320 immerito.
718 3253 850 3321 Scilicet
871 3254 944 3319 fons
966 3254 1030 3319 fuit
1051 3253 1117 3336 illi,
1146 3253 1233 3319 unde
1255 3277 1314 3318 sua

170 3359 316 3424 hauriret
342 3359 385 3421 ad
413 3357 689 3444 compensandum
716 3357 870 3421 damnum
899 3356 943 3441 lsi
965 3356 1155 3420 discesseris
1177 3378 1197 3419 a
1218 3378 1312 3443 prov.

172 3460 242 3524 148.
269 3460 340 3524 149.
384 3460 495 3526 Zeton
522 3461 558 3524 de
586 3461 640 3524 deo
668 3464 790 3525 tanturn
817 3461 933 3524 babeas
954 3464 1005 3523 ctc.
1030 3459 1118 3522 haud
1148 3457 1248 3521 dubie
1268 3457 1312 3521 ab

170 3561 300 3628 hominc
329 3560 516 3626 Christiano
550 3560 691 3643 additis,
726 3582 767 3623 nc
795 3559 910 3624 ultima
939 3558 1047 3623 littera
1070 3556 1141 3622 loco
1172 3559 1311 3644 careret)

170 3661 437 3727 Pseudosenecae
464 3662 552 3732 liber,
575 3663 616 3726 de
642 3662 803 3741 moribus,
838 3663 928 3725 sive*
942 3658 1136 3742 Proverbia,
1162 3668 1199 3722 ut
1225 3659 1312 3722 idem

170 3764 254 3829 liber
286 3766 419 3851 saepius
447 3764 654 3846 inscribitur,
690 3783 786 3849 quem
813 3762 849 3824 in
879 3761 1047 3826 codicibus
1075 3760 1312 3846 antiquissimis

171 3867 361 3954 ampliorem
384 3887 455 3930 esse
478 3863 575 3951 quam
596 3865 738 3928 nuncin
761 3863 959 3929 editionibus
982 3861 1225 3944 circumfertur,
1248 3884 1312 3925 uno
1351 3935 1354 3942 ¹

171 3968 272 4033 verbo
305 3968 507 4052 significasse
541 3968 620 4032 satis
653 3965 768 4030 habeo.
812 3965 930 4030 Insunt
956 3973 1083 4051 septem
1111 3963 1313 4052 Sapientiam

171 4070 273 4151 dicta,
304 4069 438 4134 Catonis
465 4077 652 4157 praecepta,
683 4067 850 4132 Ciceronis
877 4068 1036 4153 quaedam
1058 4065 1093 4149 (ξ
1118 4063 1156 4128 18
1178 4092 1221 4119 --
1243 4063 1312 4127 llic.

170 4171 211 4234 de
233 4181 355 4236 senect.
380 4171 430 4254 18,
453 4172 511 4254 663
540 4174 559 4252 ξ
581 4171 623 4234 20
644 4198 687 4226 =
708 4169 749 4234 de
770 4170 864 4233 amic.
888 4171 924 4252 6,
947 4168 1021 4253 22),
1045 4167 1187 4233 Senecae
1208 4163 1311 4250 philo-

171 4273 281 4357 sophi,
311 4271 412 4336 Plinii
437 4273 591 4354 iunioris,
621 4271 800 4353 Lactantii,
834 4292 895 4334 nec
922 4291 987 4334 non
1015 4289 1056 4330 ex
1078 4267 1182 4351 poetis
1210 4286 1314 4351 pauca

171 4373 333 4462 quaedam
355 4374 519 4461 decerpta,
542 4372 634 4438 velut
654 4373 781 4458 integer
803 4379 990 4436 tetrameter
1010 4367 1193 4433 trochaicus
1217 4370 1236 4448 ξ
1262 4366 1300 4446 10

325 4516 435 4574 Medios
457 4518 546 4574 nilum
568 4516 730 4586 differentes
751 4532 829 4572 mors
851 4515 961 4571 triento
978 4511 1138 4583 promouit.

1071 4611 1086 4659 3
1093 4605 1108 4639 tt
