3228 5184
313 459 373 529 132
705 473 922 528 srurnnrrnn
945 474 1055 526 muso

396 630 495 712 Quod
517 631 575 697 diu
596 632 758 713 tractaris,
780 631 817 695 id
839 640 917 718 puta
938 631 1168 696 rectissimum.

395 732 493 813 Quod
515 754 586 798 esse
608 733 743 797 tacitum
765 733 828 814 vis,
852 731 887 797 id
909 731 992 796 nulli
1015 731 1151 796 dixeria

310 841 373 900 320
395 831 492 914 Quod
514 834 622 898 facere
644 843 739 920 turpe
762 843 822 917 est,
845 833 1017 898 dicerene
1039 833 1209 898 honestum
1232 842 1319 920 puta.

395 934 493 1016 Quod
514 937 642 1000 nescias
665 935 820 1000 damnare
829 956 970 1012 ,summa
993 944 1042 1000 est
1064 936 1245 1000 temeritas.

395 1036 495 1117 Quod
516 1035 588 1103 vult
610 1036 719 1120 habet,
743 1039 800 1124 qui
822 1035 906 1102 velle
929 1035 1016 1121 quod
1039 1037 1119 1102 satis
1142 1045 1202 1120 est,
1224 1045 1342 1124 potest.

395 1135 506 1217 Quum
528 1146 655 1225 tempus
677 1148 820 1220 revocat,
843 1136 900 1204 illa
922 1135 1064 1224 praecox
1086 1147 1136 1204 est
1157 1139 1247 1223 fuga.

394 1238 508 1305 Refert
530 1239 688 1310 bonorum
710 1239 870 1326 exemplis
893 1240 1003 1326 puniri
1025 1240 1201 1327 improbos.

286 1325 289 1332 ¹
310 1346 370 1406 325
393 1340 508 1407 Refert
530 1363 625 1430 quam
649 1343 722 1428 quis
745 1341 829 1406 bene
851 1342 958 1424 vivat3
982 1362 1079 1427 quam
1102 1341 1160 1406 diu
1182 1363 1246 1407 non
1267 1341 1380 1408 refert.

392 1442 483 1528 Rege
512 1442 667 1509 incolumi
696 1465 787 1508 mens
817 1442 968 1508 omnibus
997 1464 1062 1506 una
1092 1452 1158 1526 est3
1187 1443 1308 1509 amisso
1336 1465 1459 1530 rupere

634 1607 638 1613 .
915 1543 1023 1608 fidem.

392 1645 540 1731 Regibus
563 1647 682 1714 certior
704 1655 754 1712 est
777 1668 819 1710 ex
840 1645 1090 1711 mansuetudine
1112 1647 1279 1712 securitas.

332 1823 336 1830 ἢ
391 1747 519 1832 Regum
541 1747 671 1814 fortuna
694 1769 787 1812 casus
810 1747 1004 1834 praecipites
1027 1757 1123 1813 rotat.

392 1849 540 1935 Repente
562 1848 656 1914 dives
678 1872 773 1916 nemo
795 1849 901 1916 factus
925 1858 974 1913 est
996 1848 1112 1916 bonus.

312 1957 374 2014 330
395 1949 460 2015 Res
484 1951 631 2036 inquieta
653 1960 702 2017 est
723 1952 759 2016 in
780 1959 816 2016 'se
836 1952 941 2038 ipsam
963 1949 1115 2016 felicitas.

393 2051 573 2117 Revertere
594 2052 681 2118 unde
704 2055 834 2120 veneris
856 2050 940 2116 nihil
961 2072 1063 2136 grave
1086 2061 1145 2117 est.

392 2151 583 2218 Ridiculum
605 2163 654 2220 est
676 2155 752 2222 odie
773 2155 920 2220 nocentis
943 2154 1082 2240 perdere
1103 2154 1331 2220 innocentiam.

393 2253 499 2341 Saepe
521 2255 727 2322 dissimulare
750 2279 848 2344 quam
868 2254 985 2322 ulcisci
1007 2257 1109 2322 satius
1131 2255 1206 2321 fuit.

394 2356 498 2442 Saepe
520 2357 652 2424 fortuna
673 2358 896 2441 innocentem,
919 2355 1097 2445 numquam
1118 2380 1193 2445 spes
1215 2357 1300 2423 bona
1322 2355 1461 2421 descrit.

307 2465 369 2523 335
394 2457 498 2546 Saepe
520 2457 607 2524 oculi
629 2469 661 2525 et
682 2482 777 2526 aures
800 2458 893 2545 vulgi
915 2467 1015 2528 testes
1038 2468 1114 2525 sunt
1136 2458 1224 2526 mali.
1312 2479 1315 2486 ’

393 2560 529 2648 Saepius
552 2559 707 2644 locutum,
731 2583 907 2648 numquam
928 2583 980 2626 mc
1002 2563 1145 2627 tacuisse
1168 2562 1322 2648 paenitet.

393 2660 478 2726 Salis
500 2661 722 2730 absumendus
745 2652 885 2746 medius,
908 2665 1099 2750 priusquam
1120 2662 1241 2729 habeas
1265 2661 1373 2727 fidem.

392 2763 528 2850 Sapiens
558 2767 621 2830 etsi
649 2773 819 2830 contentus
849 2774 971 2848 estse,
1000 2774 1109 2829 tamen
1136 2765 1276 2829 amicum
1304 2763 1375 2828 vult
1398 2763 1456 2827 ha-

914 2867 991 2932 bere
1014 2877 1046 2931 et
1069 2890 1100 2954 q.
1124 2890 1149 2932 s.

394 2965 532 3053 Sapiens
554 2965 638 3034 nihil
659 2967 750 3051 iacit,
774 2968 861 3054 quod
881 2990 947 3034 non
970 2968 1077 3050 debet,
1101 2977 1133 3032 et
1154 2966 1237 3034 nihil
1252 2968 1456 3055 praetermit-

915 3072 965 3153 tit,
989 3069 1077 3156 quod
1100 3068 1209 3135 debet.
1302 3097 1305 3101 ·

309 3174 373 3234 340
396 3169 535 3238 Securus
557 3171 637 3256 obit,
661 3172 717 3258 qui
739 3173 821 3238 vitia
842 3194 901 3240 suu
922 3181 999 3237 ante
1020 3170 1177 3237 immolat.

392 3399 453 3456 318
478 3400 519 3456 Gr
535 3399 562 3454 2.
579 3398 654 3456 ilaec.
676 3399 749 3456 calu.
772 3400 842 3456 llou.
860 3400 915 3472 28,
934 3401 968 3473 1,
990 3419 1036 3475 pg.
1054 3399 1092 3456 29
1180 3399 1240 3456 319
1263 3401 1298 3456 F.
1315 3398 1356 3454 Gi.
1371 3389 1456 3474 supra

305 3502 351 3558 pg.
369 3483 441 3557 101,
458 3483 497 3541 ’15
585 3484 647 3544 320
668 3486 718 3542 Pr.
736 3485 809 3542 ilaec.
826 3485 897 3541 Balh.
913 3485 985 3544 lion.
1002 3485 1030 3557 1,
1046 3484 1076 3557 2,
1091 3501 1137 3558 pg.
1153 3483 1192 3544 18
1208 3501 1269 3540 curn
1285 3484 1376 3540 adnot.

306 3569 364 3626 321
382 3568 432 3626 Pr.
492 3567 552 3627 322
569 3570 618 3626 Ps'.
633 3569 756 3628 incertus
770 3579 852 3645 pecta
867 3587 909 3644 ep.
926 3570 988 3628 Seu.
1005 3571 1084 3644 epist.
1105 3569 1174 3639 108,
1192 3569 1250 3625 11-
1285 3567 1346 3626 323
1363 3569 1411 3626 Ps.

307 3653 368 3710 324
391 3655 427 3710 F.
515 3652 576 3712 325
601 3655 651 3712 Gr.
669 3672 701 3710 er
716 3655 800 3712 Pelet.
818 3655 858 3710 Gi.
875 3654 937 3712 Seu.
953 3655 1033 3729 epist.
1053 3654 1129 3725 100,
1148 3652 1197 3725 15,
1214 3662 1241 3710 et
1255 3670 1337 3728 supra
1351 3671 1376 3708 v.
1393 3652 1457 3709 248

391 3737 452 3795 326
478 3739 527 3795 Ge.
546 3739 607 3796 Seu.
630 3740 663 3795 de
679 3741 757 3797 clem.
775 3741 810 3811 l,
826 3740 862 3814 4,
879 3739 897 3795 2
919 3740 982 3798 coll.
997 3739 1078 3813 Vcrg.
1096 3738 1195 3812 Geerg.
1212 3738 1248 3810 4,
1265 3738 1327 3796 213
1349 3744 1376 3793 et
1391 3738 1455 3795 Seu.

308 3824 390 3896 epist.
409 3822 479 3894 114,
496 3822 535 3880 23
623 3823 683 3881 327
708 3826 763 3882 Ρη.
781 3823 842 3881 Seu.
859 3825 892 3880 de
907 3826 984 3884 clem.
1003 3827 1032 3896 l,
1048 3825 1078 3896 8,
1095 3823 1114 3880 6
1193 3823 1253 3881 328
1276 3823 1331 3879 Be.
1347 3822 1457 3878 lienan·

307 3907 355 3962 der
369 3925 416 3982 pg.
432 3907 493 3964 333
510 3908 587 3964 Mein.
675 3909 736 3966 329
758 3911 808 3966 Pr.
825 3909 968 3966 Menander
984 3915 1102 3965 monost.
1120 3908 1180 3966 688
1198 3895 1296 3974 οὐδεὶς
1312 3899 1457 3978 iacturisq-

308 4006 359 4047 σεν
374 3986 482 4066 ταχέως
499 3987 613 4061 δίκαιος
629 3979 679 4050 civ.
779 3994 841 4052 330
863 3995 912 4052 Pe.
929 3995 991 4051 Seu.
1009 3995 1088 4068 epist.
1104 3993 1155 4064 36,
1173 3993 1189 4048 1
1283 3991 1343 4050 331
1368 3992 1410 4047 Gr
1425 3991 1456 4049 2.

307 4077 370 4135 Seu.
387 4077 420 4134 de
436 4085 523 4152 tranq.
540 4096 582 4135 an.
601 4079 650 4151 11,
666 4078 685 4135 4
772 4078 833 4136 332
857 4081 891 4135 E.
908 4079 949 4136 Gi.
965 4096 1047 4153 supra
1061 4097 1108 4152 pg.
1128 4076 1199 4150 105,
1215 4077 1254 4134 85
1319 4077 1379 4135 333
1403 4078 1454 4134 Pe.

308 4161 372 4219 Seu.
389 4162 423 4218 de
438 4165 476 4219 ira
493 4162 523 4234 2,
539 4163 590 4235 33,
610 4165 624 4218 1
712 4163 774 4220 334
798 4164 840 4220 Gr
856 4165 883 4220 2.
899 4163 974 4221 Sacc.
991 4161 1064 4219 Ball.
1080 4164 1150 4218 llcn.
1168 4161 1219 4235 25,
1235 4162 1265 4234 3,
1280 4180 1327 4237 pg.
1344 4161 1382 4220 28

311 4247 372 4318 335
396 4249 446 4309 Pr.
464 4247 539 4304 Caec.
556 4247 630 4309 aare,
644 4248 715 4305 lieu.
731 4249 758 4320 l,
772 4248 823 4321 31,
839 4265 886 4323 pg.
901 4249 941 4307 20
999 4248 1060 4306 336
1084 4248 1133 4304 Gr.
1146 4245 1221 4305 Ceec.
1232 4246 1304 4302 Belb.
1316 4246 1386 4304 llou.
1402 4246 1457 4321 26,

308 4333 342 4404 1,
359 4350 405 4407 pg.
424 4332 463 4390 28
572 4334 632 4391 337
657 4335 710 4405 Bc.
733 4332 860 4390 Proverb.
879 4351 973 4408 graec.
996 4349 1028 4390 ex
1046 4331 1160 4389 ilristot.
1184 4333 1241 4390 eth.
1258 4332 1314 4388 Nic.
1332 4331 1367 4403 8,
1385 4332 1457 4403 3,8

407 4418 468 4475 338
493 4418 543 4475 Ge.
568 4417 628 4474 Seu.
652 4419 730 4492 epist.
754 4419 824 4491 9,8
931 4419 991 4476 339
1016 4418 1065 4476 ao.
1089 4417 1152 4474 Ser.
1176 4418 1209 4474 dc
1229 4417 1307 4474 clem.
1330 4416 1365 4491 2,
1382 4418 1458 4490 7,1
