3252 5180
620 449 894 502 raonueousul.
1286 432 1327 497 25

146 677 149 684 ,
182 607 301 673 inferis
325 607 486 672 excita-tus
509 616 610 690 esset,
639 607 814 694 proverbia
836 604 978 671 Senecae
999 604 1034 668 in
1055 602 1250 668 oblivionem
1276 625 1326 667 ca-

182 711 265 774 dere
292 717 476 796 coeperunt.
521 709 586 774 Sed
612 709 749 792 triginta
776 706 846 770 fere
873 708 966 772 annis
994 716 1084 794 post,
1119 727 1191 770 cum
1220 704 1326 769 Hen-

182 813 298 876 ricus
326 809 589 877 *Panthalcon
625 812 658 873 in
691 807 938 895 proverbiorum
971 808 1117 874 codicem
1149 806 1327 889 incidisset,

182 915 419 978 sententiarum
441 911 699 976 Publilianarum
721 911 853 991 silvam,
879 933 987 975 raram
1008 909 1099 975 illam
1119 909 1207 996 apud
1229 909 1326 973 Eras-

184 1038 276 1080 mum
303 1015 379 1078 inde
401 1036 420 1078 5
442 1013 552 1078 littera
573 1013 621 1092 N,
651 1012 789 1077 densare
817 1021 850 1076 et
876 1011 1037 1098 complere
1065 1010 1128 1075 sibi
1150 1013 1242 1076 visus
1266 1021 1327 1094 est,

185 1119 251 1182 etsi
277 1115 361 1180 nihil
388 1115 477 1181 aliud
498 1114 615 1179 auxilii
638 1114 770 1197 habuit,
799 1137 896 1201 quarn
919 1114 1006 1200 quod
1028 1114 1094 1177 iam
1116 1113 1252 1178 Erasmo
1274 1135 1327 1178 eo·

184 1221 315 1304 gnitum
337 1217 453 1282 fuerat.
498 1218 550 1281 De
572 1219 663 1280 euius
686 1217 830 1281 editione
853 1238 925 1279 cum
940 1214 1174 1303 posterioribus
1190 1214 1327 1278 saeculis

183 1319 270 1384 nihil
296 1318 434 1405 amplius
461 1339 502 1381 ne
524 1318 612 1382 fama
634 1317 764 1403 quidem
787 1317 934 1412 auditum
956 1318 1014 1400 sit,
1043 1316 1175 1403 plenum
1196 1315 1327 1381 titulum

184 1421 364 1506 adscripsi:
389 1421 523 1484 Catonis
547 1420 688 1485 disticha
709 1418 845 1484 moralia
866 1441 940 1484 cum
960 1418 1091 1484 scholiis
1108 1418 1237 1483 Erasmi
1252 1418 1327 1482 Rot.

184 1523 281 1587 Mimi
296 1521 449 1586 Publiani
472 1543 544 1585 cum
567 1521 713 1586 ciusdem
736 1518 866 1585 scholiis
889 1523 993 1585 auctis
1014 1520 1185 1605 recogniti,
1209 1518 1328 1606 quibus
1402 1553 1409 1560 -

184 1632 394 1689 accesserunt
420 1622 553 1709 plurimi
580 1645 684 1708 nuper
711 1617 838 1686 inventi
865 1632 897 1687 et
924 1644 1100 1708 numquam
1127 1623 1216 1708 typis
1239 1620 1328 1684 evul-

185 1727 266 1811 gati,
288 1749 309 1790 a
324 1726 478 1790 Heinrieo
493 1724 713 1790 Penthaleone
735 1725 894 1808 recogniti
916 1745 1053 1810 cumque
1076 1723 1218 1788 eiusdem
1236 1723 1327 1788 scho-

185 1827 240 1892 liis
254 1827 432 1892 ·illustrati.
477 1828 576 1891 Dicta
604 1826 763 1891 Graeciae
792 1824 996 1912 Sapientem,
1031 1847 1105 1888 cum
1133 1825 1328 1910 quibusdam

185 1929 317 1994 Erasmi
349 1927 524 2016 opusculis.
569 1927 756 1991 Basileae
790 1949 874 1992 anno
905 1926 1012 1991 1544.
1045 1927 1239 2012 impressum
1270 1948 1329 2013 per

186 2029 361 2094 Erasmum
387 2029 600 2116 Xyloteotum
636 2050 748 2093 mense
776 2029 936 2112 Augusto.
981 2027 1046 2093 Sed
1076 2050 1158 2115 quae
1189 2038 1239 2093 est
1266 2030 1329 2092 ista

185 2133 357 2196 mimorum
378 2153 482 2217 nuper
504 2132 711 2196 inventorum
733 2130 888 2214 farrago?
911 2129 1055 2195 Iactatur
1070 2128 1134 2210 ille,
1158 2131 1214 2217 qui
1229 2130 1327 2196 Sene-

186 2254 245 2297 cae
266 2232 513 2319 proverbiorum
537 2231 696 2298 editiones
718 2231 837 2295 totiens
859 2231 1015 2317 repetitas
1037 2253 1079 2294 nc
1100 2241 1236 2296 noverat
1257 2234 1327 2318 qui·

186 2334 278 2416 dem,
300 2334 382 2398 nihil
403 2333 493 2398 aliud
514 2333 603 2416 fecit,
625 2335 690 2397 nisi
711 2334 926 2419 posteriorem
948 2333 1180 2397 sententiarum
1202 2343 1328 2420 partem

188 2435 334 2520 (N-V)
357 2443 485 2499 eentum
515 2433 583 2498 fere
611 2436 731 2519 viginti
754 2457 796 2498 ex
818 2433 1065 2521 proverbiorum
1087 2435 1198 2499 codice
1221 2433 1327 2499 ductis

187 2547 220 2600 et
248 2559 344 2621 aegre
371 2536 413 2600 ad
443 2534 606 2622 quandam
634 2539 813 2600 carminum
842 2536 983 2622 speciem
1011 2535 1196 2600 assimilatis
1223 2537 1328 2619 auxit,

185 2637 274 2701 idem
295 2637 338 2702 ad
360 2640 502 2725 priorem
525 2647 649 2724 partem
671 2637 795 2724 aliquot
816 2637 961 2718 addidit,
985 2640 1103 2724 partim
1126 2659 1206 2724 quas
1229 2637 1328 2702 Eras-

185 2762 257 2803 mus
287 2749 456 2826 spreverat
483 2749 520 2804 ut
548 2741 645 2804 nimis
675 2748 861 2825 corruptas,
900 2760 1094 2824 quamquam
1130 2749 1222 2804 erant
1250 2760 1329 2824 vere

186 2839 406 2924 Publilianae,
435 2840 517 2905 alias
546 2863 587 2905 ex
614 2841 757 2907 Senecae
785 2840 826 2904 de
855 2839 1026 2905 clementia
1053 2839 1162 2923 libris,
1193 2863 1329 2927 quarum

186 2943 260 3008 fons
284 2951 353 3006 erat
374 2943 542 3030 appendix
563 2942 621 3007 illa
642 2942 890 3029 proverbiorum
913 2941 1080 3006 codicibus
1102 2942 1276 3025 nonnullis,
1293 2951 1329 3006 ut

187 3065 287 3130 supra
308 3037 571 3124 memoravimus,
596 3043 678 3109 falso
700 3044 812 3108 affixa.

272 3145 387 3230 Neque
414 3153 523 3208 tamen
550 3145 611 3209 hoc
639 3144 725 3210 malo
748 3144 977 3209 Penthalconis
1007 3143 1156 3230 exemplo
1184 3146 1329 3231 corrupti

187 3256 263 3311 sunt
295 3247 458 3331 Georgius
487 3246 673 3328 Fabricius,
706 3245 868 3311 Henricus
903 3246 1121 3333 Stephanus,
1138 3246 1328 3312 Theodorus
1401 3299 1412 3312 .

187 3349 391 3432 Zwingerus.
437 3346 481 3410 Et
503 3347 719 3412 Fabricius
743 3347 889 3434 quidem,
914 3348 1174 3430 Ghemnicensis,
1198 3370 1272 3413 cum
1293 3349 1329 3411 in

186 3449 314 3516 duobus
338 3447 580 3535 exemplaribus
603 3450 756 3535 antiquie,
781 3450 839 3514 sed
860 3451 1075 3537 interpolatis,
1098 3471 1200 3514 novos
1216 3448 1327 3514 Publi·

185 3551 233 3633 lii,
256 3560 293 3615 ut
315 3551 397 3663 ipsq,
407 3551 611 3636 opinabatur,
634 3572 748 3615 versus
770 3553 962 3633 invenisset,
986 3551 1067 3616 adeo
1089 3560 1198 3615 tamen
1221 3573 1256 3616 se
1271 3551 1327 3616 ad·

186 3654 273 3718 dixit
295 3653 449 3735 Erasmo,
477 3662 515 3717 ut
537 3653 714 3716 sententias
736 3653 778 3718 ab
806 3651 862 3717 illo
891 3653 995 3717 editas
1025 3653 1161 3718 seorsim
1182 3663 1328 3740 poneret,

186 3777 261 3819 suas
284 3763 379 3818 caute
401 3755 595 3818 inscriberet
617 3754 808 3820 ‘Sententiae
827 3754 936 3820 Publii
957 3757 1063 3820 mimis
1084 3756 1222 3820 slmiles’.
1257 3756 1327 3820 Pri-

185 3878 275 3921 mum
297 3854 402 3918 edidit
424 3853 620 3938 Publilium,
643 3865 679 3920 ut
701 3864 811 3919 narrat
834 3854 1078 3940 Schweigerus,
1101 3858 1135 3920 in
1158 3855 1328 3940 elegantiis

187 3979 204 4020 e
226 3956 343 4020 Plauto
365 3977 404 4020 ac
424 3955 578 4022 Terentio
601 3955 745 4022 collectis
759 3957 893 4044 Lipsiae
911 3957 1001 4040 1550,
1025 3957 1110 4022 haud
1133 3957 1233 4022 multo
1255 3967 1330 4043 post

184 4061 397 4143 Argentorati
421 4057 512 4142 1554,
536 4059 564 4121 si
586 4057 667 4122 fides
691 4068 740 4123 est
763 4057 878 4141 Zellio,
901 4081 965 4123 una
987 4079 1062 4124 cum
1077 4060 1211 4124 Catonis
1235 4057 1328 4123 disti-

185 4160 273 4243 chis3
302 4159 1090 4246 denuonipsiaea1560.1567.1571.1581,
1119 4161 1237 4246 quibus
1260 4159 1328 4224 edi·

184 4261 329 4326 tionibus
359 4259 493 4326 cditoris
522 4263 607 4348 epist
594 4260 661 4326 tula
689 4259 821 4327 dedicat
808 4265 892 4327 toria
913 4285 942 4326 a.
968 4261 1049 4327 1558
1073 4270 1145 4325 ett
1132 4262 1330 4400 typographi

179 4361 323 4449 praefat
314 4385 345 4426 ro
367 4384 396 4425 a.
424 4363 504 4428 1559
526 4365 647 4450 scripta
669 4365 867 4480 praemissae
890 4372 975 4427 sunt.

270 4463 400 4528 Deinde
422 4463 558 4530 Publilii
580 4475 652 4531 sent
654 4474 708 4568 eut
710 4467 758 4530 ias
781 4487 838 4552 per
859 4463 946 4532 locos
970 4485 1155 4530 communes
1179 4464 1326 4553 digestas
