3252 5180
624 496 897 548 monadorum.
1014 529 1018 536 .
1237 499 1240 504 ·
1292 481 1330 548 13

189 685 191 694 =
271 648 323 714 De
345 648 460 716 horum
482 672 636 716 versuum
658 662 790 719 auctore
812 674 885 716 cum
908 653 1052 717 virorum
1074 651 1243 717 doctorum
1259 675 1329 718 sen-

184 753 307 817 tentiae
339 755 374 816 in
402 754 533 818 diversa
564 755 684 819 abeant
715 753 773 838 (of.
801 754 1012 842 Bernhardy,
1045 754 1121 820 hist.
1157 753 1220 818 litt.
1249 776 1329 818 rom.

185 877 240 940 pg.
261 855 336 938 460,
358 854 469 920 adnot.
493 856 566 937 357,
590 854 668 919 edit.
692 858 851 942 quartae),
873 879 939 922 non
960 878 1236 943 supervacaneum
1259 877 1330 920 esse

185 956 318 1019 v'idetur
345 977 493 1038 monere,
525 975 607 1042 quae
629 956 849 1022 Buechelerus
877 979 935 1044 per
956 957 1082 1022 litteras
1104 957 1184 1021 mihi
1207 956 1328 1042 signifi-

184 1058 289 1142 cavit,
312 1059 449 1144 pavonis
472 1057 708 1142 saginationem
732 1057 788 1142 (ef.
812 1059 897 1122 Plin.
919 1069 986 1124 nat.
1009 1058 1086 1123 hist.
1111 1060 1165 1140 10,
1190 1063 1210 1140 ξ
1231 1059 1274 1124 45
1296 1068 1328 1123 et

186 1159 280 1222 Varr.
297 1158 338 1222 de
353 1181 389 1223 re
403 1168 483 1222 rust.
496 1160 526 1240 3,
540 1159 586 1242 6),
602 1159 746 1224 ciconiae
761 1162 1005 1247 apparationem
1020 1162 1054 1225 in
1069 1160 1209 1246 gratiam
1223 1159 1325 1223 homi-

184 1283 262 1323 num
291 1260 505 1325 delicatorum
536 1259 631 1343 (Hor.
660 1260 728 1325 Sat.
751 1263 787 1343 2,
811 1262 847 1346 2,
870 1263 912 1328 50
939 1285 1012 1329 eum
1042 1260 1204 1346 scholiis),
1234 1277 1329 1326 usum

185 1361 327 1426 Coarum
350 1362 491 1427 vestium
515 1362 551 1446 (i.
568 1383 595 1426 e.
612 1364 703 1426 venti
726 1363 867 1448 textilis)
889 1387 954 1429 non
975 1363 1062 1428 ultra
1077 1363 1225 1428 Caesaris
1249 1373 1327 1428 tem-

183 1485 263 1549 pora
285 1464 475 1545 ascendere,
494 1462 690 1549 elegantiam
705 1487 784 1530 vero
799 1466 943 1553 ipsorum
959 1486 1113 1529 versuum
1129 1474 1161 1529 et
1177 1466 1327 1552 frequen-

183 1575 249 1628 tem
278 1564 520 1630 allitterationis
549 1588 644 1631 usum
673 1567 733 1630 vix
758 1567 949 1651 admittere,
978 1577 1015 1631 ut
1036 1567 1209 1653 posteriori
1230 1575 1282 1630 aet
1303 1568 1329 1630 ti

184 1667 380 1732 tribuantur.
426 1665 521 1746 Quae
543 1668 651 1731 omnia
674 1669 795 1754 optime
817 1669 903 1733 inter
925 1690 960 1732 se
983 1677 1178 1753 congruent,
1203 1669 1232 1731 si
1254 1667 1327 1732 illos

183 1790 299 1833 versus
323 1769 474 1834 Caesaris
503 1769 649 1855 aequali,
679 1769 820 1834 Publilio
844 1771 927 1857 Syro
949 1769 1188 1853 vindicaverim
1215 1769 1327 1833 nessi

183 1878 318 1951 statuas,
341 1870 376 1934 id
400 1871 487 1958 quod
509 1872 604 1934 unice
626 1892 740 1934 verum
764 1882 824 1956 est,
847 1872 1037 1936 Petronium
1058 1871 1198 1935 Neronis
1221 1879 1328 1935 aetate

182 1973 324 2056 vixisse,
347 1974 466 2036 mirum
486 1972 670 2056 videbitur,
695 1972 780 2058 quod
802 1972 933 2038 illorum
954 1983 1108 2038 versuum
1130 1974 1327 2037 mentionem

183 2073 306 2137 iniecit.
643 2135 649 2144 ,

269 2173 367 2255 Quod
397 2174 683 2266 Quintilianus
712 2174 797 2239 libro
821 2175 865 2238 X.
889 2176 930 2239 de
956 2177 1061 2263 poetis
1089 2176 1199 2241 latinis
1223 2171 1346 2240 disse!

182 2299 257 2340 rens
286 2276 467 2340 Publilium
494 2299 559 2341 non
585 2278 794 2360 memoravit,
828 2277 957 2342 l'aeilem
990 2277 1189 2363 explicatum
1216 2278 1325 2343 habet.

180 2378 266 2441 Nam
288 2387 515 2465 praeterquam
538 2378 624 2465 quod
648 2379 767 2443 oratori
773 2379 803 2462 ²¹²)
827 2381 920 2466 copia
940 2380 1114 2444 verborum
1129 2401 1194 2445 non
1209 2401 1251 2444 ex
1265 2381 1324 2443 mi-

183 2481 247 2542 mis
270 2480 413 2566 petenda
435 2488 494 2562 est,
517 2479 584 2544 illis
607 2479 808 2566 temporibus
831 2481 1003 2545 admiratio
1026 2480 1160 2546 Publilii
1182 2483 1248 2544 iam
1271 2481 1324 2544 de-

181 2581 359 2662 fervuerat,
385 2603 484 2667 quare
506 2579 598 2644 illum
620 2603 763 2665 versum,
788 2604 885 2669 quem
907 2584 1011 2646 instit.
1034 2604 1081 2648 or.
1104 2583 1135 2666 8,
1157 2583 1187 2664 5,
1210 2583 1278 2647 bet
1293 2584 1324 2665 9,
1439 2630 1442 2638 .

179 2683 211 2764 3,
234 2681 276 2744 64
298 2681 433 2768 protulit

274 2811 278 2822 ’
313 2824 389 2882 Turn
411 2825 486 2890 deest
508 2843 597 2884 arara
620 2826 695 2898 qnod
716 2826 809 2894 babet,
831 2843 920 2899 onera
942 2827 1018 2899 qnod
1036 2801 1101 2884 non
1121 2791 1213 2894 babet,

180 2992 200 3032 a
223 2970 429 3050 Quintiliano
451 2994 518 3036 non
541 2993 583 3034 ex
605 2971 677 3058 ipsa
699 2971 834 3035 Publilii
856 2970 1010 3055 lectione,
1035 2971 1094 3036 sed
1118 2993 1161 3035 ex
1183 2970 1324 3036 Senecae

180 3072 412 3138 controversiis
435 3075 505 3159 (pg.
527 3073 601 3154 206,
627 3074 666 3136 14
688 3072 808 3158 Burs),
833 3095 912 3159 quas
935 3073 1005 3160 ipse
1027 3073 1138 3137 laudat
1160 3071 1217 3136 lib.
1241 3073 1271 3155 9,
1291 3073 1322 3154 2,

177 3173 231 3257 42,
255 3173 407 3238 haustum
430 3196 501 3240 esse
523 3173 729 3238 crediderim.

263 3273 362 3339 Haud
389 3276 528 3341 multum
555 3277 657 3362 igitur
684 3275 807 3360 abfuit,
836 3277 915 3364 quin
937 3276 1073 3342 Publilii
1101 3297 1218 3342 nomen
1240 3275 1320 3341 obli-

178 3378 276 3441 vione
298 3379 500 3462 obrueretur,
524 3379 588 3442 nisi
610 3388 736 3443 amator
749 3378 882 3464 quidam
902 3378 991 3444 illius
1008 3380 1241 3444 sententiarum
1255 3399 1321 3441 me-

125 3511 129 3525 ·
178 3480 315 3543 moriam
338 3501 449 3544 earum
471 3480 667 3545 reduxisset.
712 3480 835 3545 Extitit
857 3483 955 3564 enim,
978 3483 1043 3544 iam
1064 3481 1180 3568 primo,
1202 3488 1239 3544 ut
1253 3481 1321 3566 opi-

177 3603 248 3663 nor,
272 3581 400 3646 saeoulo
422 3591 497 3668 post
512 3581 588 3647 Chr.
605 3606 637 3646 n.
661 3604 735 3646 oum
754 3581 891 3648 Publilii
913 3584 1005 3646 mimi
1026 3583 1133 3647 adhue
1154 3581 1320 3666 vigebant,

177 3682 295 3746 saltem
323 3682 426 3747 Gellii
459 3692 565 3748 aetate
598 3683 702 3770 prior,
737 3686 793 3771 qui
824 3707 877 3750 eas
906 3707 964 3749 suo
993 3682 1127 3750 oonsilio
1155 3682 1323 3768 colligeret

179 3783 397 3872 collectasque
426 3784 551 3867 ederet,
580 3807 646 3849 non
673 3784 714 3848 ad
742 3786 840 3850 fidem
868 3785 1102 3872 exemplarium
1123 3807 1222 3849 manu
1243 3786 1321 3850 seri-

175 3894 324 3972 ptorum,
347 3889 404 3952 sed
427 3886 561 3951 auribus
585 3889 692 3974 potius
714 3888 756 3951 ab
779 3887 992 3953 histrionibus
1016 3897 1186 3973 exceptas,
1210 3887 1319 3974 quales
1398 3951 1402 3964 ,

176 4009 231 4052 ore
259 3988 354 4074 vulgi
382 3990 519 4053 traditas
547 3999 604 4053 aut
632 3991 667 4053 in
694 3988 821 4054 theatro
850 3989 1028 4054 celebratas
1051 3988 1317 4075 deprehenderat.

61 4153 65 4164 ,
176 4089 228 4154 cf.
259 4088 421 4154 Gellius
454 4092 509 4174 17,
535 4093 590 4174 14,
614 4092 650 4156 3:
679 4091 789 4158 Hnr'ns
818 4091 953 4157 Pnbb'le'r'
977 4094 1146 4157 sententiae
1171 4092 1319 4171 ferantur

172 4221 375 4230 -—-——-.-.

244 4279 268 4344 ⁴⁸)
288 4279 329 4334 Cf.
351 4279 381 4330 O.
394 4279 481 4330 Iulius
492 4281 589 4333 Victor
606 4281 635 4330 in
654 4286 714 4332 arte
733 4281 833 4332 rhetor.
853 4297 895 4346 op.
908 4283 950 4342 26,
969 4298 1014 4348 pg.
1027 4284 1084 4342 447,
1098 4283 1130 4332 33
1144 4279 1186 4332 ed.
1198 4279 1317 4348 Halmii,

174 4359 313 4426 Sermonis
335 4377 403 4416 nens
424 4362 510 4415 nnlto
532 4362 704 4430 frequentior
730 4363 965 4432 enumerationis
983 4368 1021 4416 est
1040 4404 1046 4415 .
1065 4403 1071 4414 .
1090 4402 1096 4414 .
1116 4403 1122 4414 .
1139 4359 1261 4415 Multam
1279 4363 1318 4416 ad

174 4447 305 4500 sermonis
323 4442 488 4516 elepantr'arn
506 4447 646 4513 consereret
662 4448 814 4502 ennoedr'ae
825 4453 925 4502 veteres
938 4453 963 4502 et
978 4452 1087 4516 topatae
1100 4451 1125 4502 et
1142 4446 1317 4501 tabernariae
1402 4451 1406 4458 '

173 4535 199 4584 et
216 4531 365 4586 Atellanae
378 4518 494 4598 'sabatae
513 4537 538 4586 et
554 4531 756 4597 rnn'rnofabnlae.
