3228 5184
453 467 559 515 menn
580 465 813 515 eunmnmuls
836 464 1027 514 accurras.
1255 450 1314 514 125

255 620 362 686 Homo
385 629 494 684 tacere
516 621 573 707 qui
594 621 711 702 nescit,
733 619 838 684 nescit
860 617 973 706 loqui.-

255 722 404 787 Honesta
424 722 513 786 fama
534 720 648 787 melior
669 721 808 808 pecunia
830 728 888 786 est.

256 823 404 888 Honesta
426 823 481 888 lex
504 832 554 888 est
576 823 732 910 temporis
755 822 943 887 necessitas.
987 891 989 898 ⁴

140 949 143 958 ·
169 933 235 997 160
256 924 436 991 Honestius
452 934 501 990 est
517 945 590 989 cum
605 924 804 990 indicaveris
819 945 939 1008 amare,
953 944 1049 1010 quam
1063 944 1138 988 cum
1152 923 1314 986 amaveris

501 1027 656 1091 iudicare.

256 1128 400 1194 Humilis
424 1138 456 1194 et
477 1129 593 1210 inertis
617 1138 666 1193 est
687 1136 760 1192 tuta
781 1129 909 1193 sectari.

180 1297 185 1302 ,
256 1230 297 1294 Id
319 1253 407 1317 agas,
430 1253 472 1294 ne
494 1230 567 1318 quis
589 1239 645 1295 tuo
668 1238 701 1294 te
723 1231 839 1294 merito
862 1228 978 1293 oderit.

154 1371 160 1381 ·
256 1333 402 1417 Ignavus
425 1333 514 1397 omni
537 1340 642 1396 cessat
665 1331 769 1396 omnis
792 1338 946 1417 tempore.

256 1433 350 1518 Ignis
372 1434 489 1520 probat
511 1456 636 1515 aurum,
659 1433 811 1497 miseriae
833 1431 949 1497 fortem
971 1431 1130 1517 probant:
1163 1473 1165 1477 ,

282 1534 438 1620 Ignoscas
461 1535 535 1600 aliis
557 1533 670 1616 multa,
694 1532 751 1598 sed
773 1532 855 1597 nihil
878 1532 950 1598 tibi.

282 1636 448 1722 Ignoscite
472 1659 568 1724 saepe
590 1634 696 1718 alteri,
719 1657 895 1724 numquam
917 1634 989 1698 tibi.

256 1739 370 1824 Imago
392 1740 494 1803 animi
516 1760 621 1803 sermo
644 1746 712 1822 est:
737 1737 841 1825 qualis
866 1746 916 1801 est
936 1737 999 1820 vir,
1022 1736 1098 1801 talis
1121 1738 1235 1802 oratio.

257 1839 436 1927 Imperium
457 1841 579 1905 habere
601 1840 653 1904 vis
675 1837 853 1924 magnum?
876 1839 1000 1925 impera
1021 1838 1094 1903 tibi.

256 1940 445 2006 Imbecillos
467 1941 577 2007 oculos
600 1963 683 2024 esse,
706 1941 762 2027 qui
784 1940 827 2005 ad
848 1938 988 2005 alienam
1002 1937 1232 2027 lippitudinem
1249 1938 1315 2004 suf·

500 2042 693 2108 funduntur.

257 2145 298 2210 In
309 2144 406 2210 felice
417 2144 559 2210 felicitas
571 2154 620 2209 est
630 2144 827 2225 innocentia,
836 2144 983 2230 nequitia
994 2143 1065 2231 ipsa
1076 2165 1181 2230 poena
1193 2143 1243 2208 sui
1255 2152 1315 2209 est.

172 2255 235 2314 170
258 2246 299 2310 In
321 2246 480 2313 felicitate
503 2269 538 2312 se
561 2247 687 2332 erigere
709 2254 760 2310 est
780 2244 971 2310 felicitatem
993 2245 1194 2310 submittere.

257 2349 384 2413 Infirmi
406 2349 509 2413 animi
533 2357 582 2413 est
604 2370 669 2413 non
691 2369 787 2436 posse
810 2346 945 2411 divitias
968 2347 1046 2433 pati.

257 2450 436 2516 Inhonesta
457 2472 509 2514 res
533 2458 583 2516 est
605 2471 680 2515 suos
703 2450 851 2513 vincere:
876 2450 956 2514 satis
972 2456 1022 2513 est
1036 2449 1181 2536 potuisse
1195 2448 1315 2534 puniri.

257 2550 298 2615 In
318 2550 367 2615 nil
389 2551 545 2641 sapiendo
567 2553 637 2617 vita
659 2549 895 2615 iucundissima
917 2558 976 2615 est.

257 2653 396 2719 Insanus
420 2655 524 2720 omnis
548 2653 657 2718 furere
679 2653 785 2717 credit
806 2662 940 2719 ceteros.

174 2760 236 2819 175
260 2753 366 2820 Insita
387 2756 482 2820 nobis
505 2756 608 2822 nostri
630 2756 747 2820 caritas
772 2763 821 2820 est
843 2754 998 2842 corporis.

257 2857 298 2920 In
320 2858 497 2923 sterculino
519 2856 694 2944 plurimum
715 2855 820 2942 gallus
843 2863 960 2942 potest.

258 2957 413 3044 Intellige
436 2981 557 3045 ecquae
579 2958 656 3042 sint,
679 2968 715 3024 ut
738 2967 770 3023 et
790 2958 875 3022 bene
896 2977 974 3042 agas
997 2955 1093 3020 bona.

133 3069 137 3078 “
257 3053 349 3124 Inter
370 3062 491 3127 amicos
514 3060 679 3125 iudicatur
701 3083 797 3147 quam
820 3059 969 3124 inimicos
991 3056 1171 3122 molestius.

257 3148 297 3226 In
319 3162 494 3249 tranquillo
518 3183 589 3226 esse
613 3162 751 3248 quisque
772 3160 970 3247 gubernator
990 3167 1108 3247 potest.

177 3263 350 3329 1801ram
373 3265 428 3351 qui
449 3265 565 3348 vineit,
588 3264 715 3329 hostem
738 3265 871 3349 superat
890 3261 1079 3326 maximum.

260 3364 369 3430 Iratus
393 3387 467 3430 cum
488 3364 588 3430 ad⁸se
609 3364 719 3447 rediit,
744 3364 808 3428 sibi
830 3373 899 3429 tum
921 3363 1082 3429 irascitur.

260 3559 320 3617 157
342 3559 375 3616 F
392 3559 429 3616 De
445 3576 513 3622 mor.
531 3559 591 3617 132
680 3559 740 3617 158
764 3559 797 3616 F.
814 3557 861 3614 Est
875 3559 1044 3632 paraphrasis
1061 3573 1153 3614 versus
1170 3556 1231 3617 217

173 3645 236 3702 159
258 3645 310 3702 Ps.
379 3644 445 3703 160
469 3644 520 3702 Go.
537 3644 600 3701 Seu.
617 3645 696 3719 epist.
714 3643 843 3716 3‚2,·de
858 3660 927 3699 mor.
942 3641 983 3699 48
1067 3641 1125 3698 161
1149 3641 1316 3700 Mende

170 3728 384 3803 provid.5,11
474 3729 533 3787 162
557 3731 592 3786 E.
610 3729 643 3785 de
659 3746 727 3785 mor.
744 3728 784 3785 26
872 3727 931 3784 163
954 3727 989 3782 F.
1068 3726 1128 3783 164
1152 3728 1192 3784 Gr
1207 3743 1239 3782 ex
1254 3728 1314 3784 eod.

170 3812 255 3869 Palat.
287 3813 349 3870 Seu.
366 3813 399 3870 de
414 3813 518 3889 provid.
536 3813 565 3885 5,
584 3814 623 3872 10
724 3812 784 3871 165
806 3814 843 3885 F,
858 3813 908 3868 Ps.
925 3811 961 3868 De
977 3829 1045 3869 mor.
1064 3811 1134 3884 111,
1150 3811 1226 3868 Caes.
1242 3812 1314 3870 Balb.

170 3897 245 3954 Mon.
264 3898 293 3971 1,
307 3897 338 3970 4,
353 3915 400 3973 pg.
420 3899 469 3971 18,
486 3899 588 3955 Auson.
604 3906 708 3972 septem
723 3897 785 3972 Sap.
803 3895 894 3954 Gleoh.
984 3897 1043 3955 166
1066 3897 1119 3954 Pn.
1136 3897 1172 3952 De
1187 3913 1256 3952 mor.
1277 3899 1315 3956 73

260 3982 320 4039 167
344 3982 394 4038 Gr.
409 3981 537 4039 Proverb.
557 3981 628 4054 132,
643 4001 725 4057 supra
739 4000 787 4057 pg.
805 3982 863 4038 111
960 3982 1019 4039 168
1044 3981 1094 4038 60.
1111 3980 1173 4038 Sen.
1190 3982 1223 4037 de
1239 3982 1315 4039 clem.

173 4066 203 4139 2,
220 4065 286 4139 6,4
389 4068 448 4126 169
473 4068 523 4125 60.
541 4067 574 4124 de
589 4084 657 4124 mor.
675 4066 724 4124 63.
743 4067 791 4126 64.
896 4067 957 4125 170
980 4065 1224 4124 0011000062

175 4151 233 4207 171
257 4152 292 4206 F.
309 4150 371 4207 Sen.
389 4153 468 4227 epist.
484 4151 515 4224 5,
532 4152 550 4209 6
639 4151 698 4210 172
722 4153 772 4209 Go.
789 4152 826 4208 lle
840 4168 909 4207 mor.
927 4151 977 4208 68.
995 4151 1043 4208 69.
1123 4151 1182 4208 173
1205 4151 1259 4206 Bo.
1276 4149 1316 4208 61.

171 4235 281 4311 Proleg.
297 4253 345 4310 pg.
362 4234 402 4293 48
489 4237 550 4294 174
572 4238 620 4294 Ps.
635 4237 672 4293 De
687 4254 756 4294 mor.
773 4235 812 4295 35
901 4235 960 4293 175
984 4237 1017 4292 F.
1099 4234 1158 4292 176
1182 4235 1314 4292 BaSen.

172 4321 279 4394 apocol.
304 4320 334 4394 7,
350 4321 368 4377 3
429 4321 488 4378 177
511 4322 640 4396 Scaliger.
672 4322 746 4380 Serti
760 4322 874 4396 Pythag.
891 4328 961 4377 seut.
978 4317 1103 4376 alluliuo
1118 4319 1165 4376 lat.
1182 4337 1259 4376 conv.
1275 4320 1316 4378 49

233 4405 293 4464 178
340 4405 390 4462 Gr.
407 4405 483 4462 (laec.
501 4406 572 4462 Balb.
588 4405 648 4462 Par.
667 4406 717 4480 23,
733 4424 779 4480 pg.
797 4405 836 4464 39
933 4405 992 4462 179
1016 4406 1071 4461 Bo.
1088 4403 1150 4461 Seu.
1168 4406 1246 4478 epist.
1264 4405 1315 4479 85,

172 4490 214 4548 43
283 4490 345 4549 180
366 4492 416 4550 Ps.
432 4492 468 4546 De
483 4509 551 4549 mor.
567 4491 605 4549 81
696 4491 755 4549 181
782 4491 831 4548 Gr.
848 4489 1014 4547 assuunt.
1031 4488 1102 4545 Mon.
1120 4489 1257 4566 7,3,00Ι
1276 4491 1313 4548 21
