3228 5184
674 1425 817 1510 Incerti
845 1425 1015 1554 auctoris
1045 1424 1157 1527 liber,

470 1564 473 1570 ’
557 1562 625 1672 qui
655 1561 775 1672 vulgo
807 1559 948 1644 dicitur
978 1564 1028 1645 de
1059 1558 1281 1646 moribus.*

391 1771 419 1827 l.
443 1763 548 1828 Omne
570 1768 740 1848 peccatum
761 1760 845 1824 actio
869 1768 933 1842 est,
956 1760 1042 1823 actio
1059 1767 1169 1824 autem
1185 1761 1289 1824 omnis
1305 1760 1485 1828 voluntaria

441 1874 490 1930 cst
512 1873 579 1928 tam
593 1862 729 1927 honesta
744 1882 841 1948 quam
856 1862 977 1948 turpis:
1001 1881 1078 1946 ergo
1095 1860 1316 1926 voluntarium
1332 1873 1384 1929 eet
1399 1886 1485 1929 omno

441 1974 619 2052 peccatum.
664 1961 784 2027 Tollite
806 1963 1064 2026 excusationem:
1087 1983 1182 2027 nemo
1204 1972 1320 2050 peccat
1341 1966 1473 2030 inritus.

389 2075 418 2130 2.
441 2067 603 2130 Educatio
620 2073 652 2128 et
667 2063 841 2150 disciplina
856 2085 962 2128 mores
977 2063 1114 2147 faciunt,
1136 2073 1168 2128 ct
1182 2065 1225 2128 ad
1239 2065 1276 2129 id
1291 2067 1380 2130 vivit
1393 2089 1484 2132 unus-

442 2171 594 2256 quisque,
626 2164 713 2252 quod
741 2163 868 2229 didicit.
913 2165 1029 2253 Itaque
1057 2164 1142 2230 bona
1170 2166 1485 2232 consuetudoexcu-
1582 2161 1583 2168 '

337 2265 340 2270 ’
442 2280 512 2336 tere
540 2268 655 2350 debet,
685 2265 771 2354 quod
799 2266 884 2330 mala
906 2267 1074 2331 instruxit.
1119 2266 1208 2330 Bene
1230 2266 1381 2354 loquere,
1410 2269 1487 2334 benc

444 2371 556 2435 facias.

391 2482 421 2542 3.
444 2470 537 2536 Nihil
558 2472 704 2552 interest,
728 2492 792 2558 quo
814 2472 923 2534 animo
945 2469 1059 2552 facias,
1086 2470 1173 2556 quod
1195 2470 1313 2535 iecisse
1337 2473 1487 2538 vitiosum

402 2583 405 2592 '
443 2582 503 2657 est,
526 2575 603 2659 quia
638 2573 725 2637 facta
748 2580 933 2655 cernuntur,
956 2572 1083 2636 animus
1105 2593 1183 2637 vero
1197 2594 1264 2636 non
1278 2571 1421 2639 videtur.

391 2683 421 2739 4.
444 2673 543 2738 Nulla
560 2674 674 2759 (enim)
690 2673 760 2738 laus
784 2683 913 2739 estnon
929 2671 1047 2755 faeere,
1071 2674 1157 2767 quod
1172 2673 1280 2738 facere
1294 2697 1361 2741 non
1376 2676 1486 2763 possis.
1584 2635 1585 2670 ³

390 2786 418 2844 5.
442 2775 532 2858 Quid
555 2785 604 2841 eet
626 2775 749 2841 homini
771 2773 1060 2839 inimicissimum?
1084 2774 1166 2839 alter
1188 2774 1293 2840 homo.

392 2887 419 2944 6.
443 2878 601 2943 Libenter
615 2877 713 2960 ferae,
726 2877 811 2964 quod
827 2897 961 2942 necesse
977 2885 1041 2941 est:
1057 2876 1149 2942 dolor
1163 2877 1323 2964 patientia
1338 2880 1486 2944 vincitur.

431 3087 448 3124 *
464 3089 560 3146 LIBER
575 3087 723 3145 SENECAE
740 3090 820 3145 codd.
833 3087 962 3160 Saaqall.
977 3087 1034 3143 141
1049 3085 1115 3159 (Ga)
1131 3084 1302 3166 51238105)
1317 3106 1396 3146 saec.
1411 3094 1486 3160 tronti,

351 3178 450 3234 collati
465 3194 482 3232 a
500 3175 567 3232 Car.
585 3175 755 3230 Schealcelio
771 3172 907 3247 (Beitrage
922 3189 971 3227 zur
985 3170 1071 3229 Nritik
1087 3171 1134 3228 des
1150 3173 1266 3246 Seneca,
1286 3174 1381 3245 1864,
1399 3193 1425 3249 p.
1442 3174 1489 3246 39)

349 3259 385 3333 (C
399 3284 441 3306 ==
458 3260 658 3334 Saaqalleaais
678 3256 828 3331 aterque),
847 3255 1034 3312 PROVENBIA
1056 3255 1204 3313 SENECAE
1226 3260 1287 3315 cod.
1305 3259 1393 3316 Paris
1409 3259 1486 3316 7581

349 3361 427 3403 socc.
443 3346 474 3400 Χ
488 3341 547 3420 (8),
570 3343 666 3399 ElBER
687 3341 833 3399 SENECAE
855 3340 895 3396 NE
915 3340 1149 3396 lNSNlTVNONE
1171 3341 1290 3398 NORVN
1313 3347 1374 3400 cod.
1391 3345 1486 3400 Paria.

348 3435 399 3487 tat.
417 3430 446 3486 S.
473 3430 540 3485 Vict.
559 3427 635 3500 672,
658 3444 736 3484 accc.
755 3426 820 3482 XII
833 3422 900 3501 (V),
921 3424 1017 3500 lnoipit
1034 3425 1155 3482 eiusdem
1169 3426 1202 3483 de
1219 3413 1338 3483 mdribus
1355 3428 1396 3485 vol
1413 3429 1487 3484 disci·

350 3517 421 3589 plina
444 3531 491 3570 seu
513 3513 598 3570 libero
619 3512 729 3568 arbitrio
751 3513 812 3569 cod.
833 3512 930 3566 Paris.
950 3513 1002 3566 lat.
1026 3511 1108 3568 8027
1130 3511 1318 3584 saec.X1V‚
1340 3513 1370 3567 L.
1391 3513 1487 3569 Auarici

350 3602 468 3657 Senecae
493 3597 561 3655 liber
586 3597 619 3654 de
640 3596 775 3669 moribus,
800 3597 827 3651 in
851 3612 905 3670 quc
926 3594 1082 3651 notabiliter
1101 3603 1129 3651 ct
1151 3597 1291 3671 eleganter
1312 3598 1379 3653 vitae
1401 3613 1487 3653 moros

351 3692 457 3740 enarrat
478 3685 540 3740 cod.
561 3682 656 3739 Paria.
679 3684 728 3738 lat.
752 3681 849 3756 6331,
875 3679 975 3736 Seneca
998 3679 1031 3736 de
1054 3679 1173 3737 moribus
1195 3684 1239 3738 cel
1261 3685 1391 3738 similiter
1412 3684 1487 3738 codd.

350 3771 447 3825 Paris.
464 3770 514 3824 lat.
532 3766 614 3825 6395
630 3767 670 3837 Α,
693 3766 790 3837 6379,
813 3765 911 3837 6380,
934 3764 1033 3837 6384,
1050 3764 1149 3837 6395,
1167 3765 1265 3836 7329,
1282 3765 1380 3837 8545,
1397 3765 1487 3834 8546,

351 3851 450 3924 8552,
469 3855 601 3925 plerique
622 3867 700 3907 racc.
722 3850 809 3921 XIV,
832 3852 894 3906 cod.
917 3849 1032 3905 Monac.
1053 3852 1105 3906 lat.
1130 3850 1234 3907 17290
1253 3866 1332 3907 saec.
1349 3853 1411 3908 XV

353 3939 369 3994 1
393 3938 437 4010 Cf.
454 3937 567 3994 Seneca
583 3940 664 4007 epist.
682 3935 732 4006 66,
750 3935 787 3992 16
804 3932 901 3990 ‘Omne
917 3935 1061 3989 honestum
1076 3933 1257 3990 voluntarium
1272 3934 1337 3992 est'.
1411 3935 1429 3991 2
1452 3937 1488 3990 in·

351 4015 464 4098 struxit]
481 4021 612 4078 incussit?
634 4019 802 4076 introduxit?
890 4017 934 4089 Cf.
953 4018 1023 4074 Sall.
1042 4018 1102 4074 Cat.
1119 4017 1148 4090 3,
1167 4020 1182 4074 1
1201 4016 1401 4092 ε5555155555,
1422 4019 1489 4076 benc

352 4106 461 4165 dicere'.
505 4107 575 4162 Bene
591 4106 669 4161 decet
684 4105 769 4178 loqui,
785 4102 853 4160 bene
869 4104 948 4159 decet
963 4103 1049 4159 lacere
1065 4105 1127 4159 eod.
1144 4104 1241 4160 Paria
1256 4105 1347 4175 6379,
1364 4107 1401 4161 al.
1415 4107 1488 4162 aadc

352 4195 484 4250 Haasias
498 4192 569 4248 Bene
590 4190 670 4246 docet
691 4188 781 4263 loqui,
804 4191 849 4263 qui
865 4186 932 4244 hene
948 4187 1027 4243 docet
1043 4187 1129 4244 lacere
1216 4189 1234 4246 3
1257 4191 1389 4246 lactant.
1405 4193 1489 4246 instit.

353 4279 380 4348 3,
400 4278 438 4335 15
455 4278 549 4350 ‘Atqui
564 4275 629 4331 nihil
645 4277 662 4330 i.
681 4293 705 4348 q.
722 4274 780 4329 5.1.
797 4291 823 4347 q.
840 4274 859 4329 1.
877 4291 901 4329 v.
917 4281 968 4345 est,
985 4290 1011 4346 q.
1029 4272 1049 4329 1.
1066 4291 1089 4330 c.
1105 4290 1128 4331 a.
1144 4290 1200 4330 non
1215 4275 1251 4329 v.'
1315 4272 1336 4329 4
1358 4273 1489 4331 lactant.

351 4365 439 4420 instit.
456 4363 485 4434 6,
502 4361 542 4418 23
558 4359 648 4415 ‘Nulla
663 4361 748 4433 igitur
763 4359 782 4415 l.
800 4366 841 4414 est
856 4376 883 4414 n.
900 4357 919 4413 1.
937 4375 963 4432 q.
982 4358 1000 4417 l.
1018 4376 1044 4416 n.
1054 4357 1094 4432 p.'
1153 4359 1171 4415 5
1197 4359 1242 4431 Cf.
1258 4359 1490 4430 Ausonias-Sept.

353 4464 417 4518 sap.
435 4455 505 4504 sent.
524 4447 552 4515 1,
569 4444 597 4501 2.
636 4443 818 4500 Anacharsis
833 4462 880 4516 ap.
897 4443 972 4499 Stob.
987 4446 1053 4516 flor.
1070 4443 1101 4516 2,
1116 4442 1167 4500 43.
1233 4445 1250 4500 6
1274 4443 1359 4500 Sexti
1370 4445 1490 4516 Pyttay.

356 4538 429 4588 seat.
446 4531 505 4587 111
522 4528 728 4602 (operarent.
746 4535 773 4585 ct
787 4547 857 4586 mor.
873 4530 917 4585 ed.
935 4527 981 4586 Or.
998 4527 1028 4602 1,
1045 4545 1096 4604 pq.
1115 4527 1187 4602 254)
1207 4523 1269 4585 ‘Ner
1290 4528 1363 4602 quod
1381 4544 1490 4586 necesso
