3252 5180
316 381 359 445 54
751 395 1024 443 rnormoonnus.

321 549 486 616 vocabulis
513 554 567 616 uiu
596 560 627 614 et
648 551 681 615 ui
702 547 785 612 male
813 550 1030 636 transpositis.
1074 551 1115 615 V.
1139 551 1203 616 380
1225 551 1461 638 acquieverunt
1481 626 1486 632 ,

319 653 459 717 editores
482 642 520 716 in
538 652 699 716 vilissima
721 650 854 714 editoris
877 651 1151 736 ingolstadiensis
1174 655 1373 719 coniectura:

521 793 592 852 Nou
614 796 667 852 etto
688 775 779 852 'ruiuu
795 796 872 866 perit
892 795 928 862 te,
950 796 1001 866 qui
1022 797 1129 853 riuum
1150 797 1237 863 timu,

319 963 392 1005 cum
421 925 591 1005 bonorum
610 939 758 1003 codicum
781 941 942 1026 scriptura
959 942 1046 1023 perit
1066 942 1133 1021 uir,
1163 941 1305 1006 Parisini
1325 940 1461 1004 alterius

315 1046 453 1127 peritur,
476 1043 663 1106 Turicensis
686 1044 889 1125 opprimitur,
918 1043 1054 1106 verbum
1071 1045 1245 1130 'passivum
1267 1043 1368 1106 latere
1389 1041 1462 1105 luce

320 1145 438 1209 elarius
468 1143 627 1208 ostendat.
672 1144 711 1207 In
743 1165 779 1207 ee
803 1142 953 1228 eligendo
982 1167 1177 1231 quamquam
1204 1145 1328 1230 ambigi
1354 1153 1464 1231 potest

320 1257 352 1311 et
379 1247 421 1310 ad
451 1245 598 1310 codicum
628 1245 770 1330 vestigia
796 1246 945 1332 proxime
973 1246 1127 1310 accedere
1157 1247 1289 1312 videtur
1304 1249 1463 1330 premitur

321 1350 374 1413 vel
397 1352 518 1431 teritur,
544 1345 795 1435 praeferendum
817 1355 927 1411 tamen
948 1351 1107 1430 optaretur.

288 1452 292 1460 ’
404 1451 449 1515 Et
465 1451 618 1536 quoniam
632 1451 667 1512 in
682 1449 732 1513 his
749 1449 1013 1537 compendiorum
1028 1451 1176 1514 minutiis
1193 1472 1370 1532 versamur,
1386 1472 1462 1536 pau-

321 1577 359 1618 ca
381 1552 421 1616 de
443 1553 633 1639 pronomine
655 1549 792 1619 relativo
815 1561 846 1615 et
868 1553 1105 1636 interrogativo
1128 1552 1296 1617 addemus.
1332 1551 1464 1617 Scilicet

320 1659 356 1720 in
379 1655 492 1720 codice
509 1654 575 1733 Ru
596 1652 692 1718 modo
715 1675 774 1734 quo
790 1653 963 1738 signifieat,
987 1655 1082 1719 modo
1105 1657 1203 1736 quod;
1224 1656 1260 1718 in
1274 1654 1309 1717 F
1326 1677 1403 1718 vero
1423 1659 1469 1736 qu

321 1766 507 1824 constanter
528 1756 671 1842 pesitum
693 1765 742 1818 est
764 1777 822 1841 pro
845 1758 934 1838 quoti,
956 1757 1002 1836 qd
1022 1780 1080 1842 pro
1103 1758 1195 1838 quid:
1218 1755 1253 1819 id
1277 1778 1349 1820 cum
1371 1757 1462 1840 igno-

321 1870 408 1925 raret
437 1858 541 1922 editor
563 1856 852 1941 ingolstadiensis,
881 1856 984 1920 falsae
1011 1856 1144 1944 aliquod
1166 1859 1320 1922 lectiones
1343 1855 1463 1921 abillo

321 1970 471 2048 receptae
493 1981 595 2046 usque
618 1958 661 2021 ad
683 1959 769 2022 hunc
788 1957 875 2043 diem
898 1969 1096 2046 propagatae
1120 1968 1205 2023 sunt.
1243 1960 1327 2023 Nam
1350 1981 1382 2022 v.
1400 1959 1463 2030 348

409 2171 418 2182 N
525 2101 615 2176 Muqc
636 2102 720 2169 uolet,
744 2103 794 2174 qui
815 2103 905 2160 uescit
927 2102 1078 2160 catamitus
1100 2103 1170 2174 quid
1190 2102 1264 2160 ualet

322 2271 427 2336 neque
449 2247 659 2312 Tuschukkii
687 2249 872 2312 coniectura
898 2249 1003 2312 uuleut
1022 2257 1154 2334 propter
1175 2257 1313 2312 metrum
1336 2247 1465 2310 admitti

323 2361 442 2439 potest,
466 2359 498 2414 et
519 2349 602 2413 bene
626 2371 660 2412 se
682 2347 803 2412 habent
825 2347 928 2412 verba
950 2351 985 2413 in
999 2349 1034 2412 F
1053 2351 1184 2436 scripta,
1209 2351 1292 2431 quod
1312 2351 1394 2414 uolet
1414 2371 1465 2413 cu·

323 2456 459 2532 leuiter,
482 2450 579 2515 modo
602 2460 795 2537 transponas
819 2452 901 2532 quod
921 2452 1087 2516 cutauuus
1107 2453 1196 2516 ualet.
1241 2451 1326 2515 Item
1348 2474 1381 2514 v.
1402 2451 1467 2516 465

496 2593 662 2667 Prospieue
684 2595 718 2652 tu
733 2611 807 2666 punc
829 2597 945 2666 opertet,
969 2595 1039 2665 quid
1062 2593 1166 2652 bellum
1188 2595 1265 2652 iuuet

325 2743 408 2823 quod
428 2738 548 2824 legitur
569 2741 605 2803 in
627 2739 668 2820 F,
692 2748 790 2819 recte,
814 2739 942 2824 opinor,
967 2740 1012 2803 ita
1034 2749 1070 2804 ut
1091 2760 1132 2802 ne
1153 2739 1378 2804 emendatione
1401 2741 1468 2825 qui-

325 2844 399 2908 dem
422 2865 502 2929 opus
531 2844 574 2906 sit
595 2864 615 2905 a
637 2840 731 2906 nobis
755 2838 832 2904 olim
855 2842 1055 2925 excogitata,
1086 2840 1185 2926 ‘quod
1207 2840 1329 2905 bellum
1351 2839 1467 2905 iubet’.

324 2945 446 3010 Misere
469 2944 609 3029 denique
632 2943 769 3006 detorsit
790 2940 878 3005 idem
899 2941 955 3005 ille
978 2942 1084 3006 editor
1105 2965 1237 3006 versum
1257 2944 1321 3008 375

528 3086 633 3144 Minus
654 3079 738 3158 saepe
754 3101 861 3157 perrea,
884 3086 910 3142 st
930 3087 1006 3143 setus
1028 3085 1103 3157 qued
1124 3087 1244 3153 uescina,

325 3231 495 3296 inferendo
518 3233 603 3313 quid.
648 3231 700 3294 cf.
723 3239 892 3316 praeterea
913 3225 1024 3296 adnot.
1046 3229 1088 3294 ad
1110 3253 1143 3295 v.
1166 3231 1218 3296 63.

410 3332 666 3421 Hemigraphiae
694 3333 875 3415 insigniora
900 3332 1060 3418 quaedam
1083 3332 1232 3420 exempla
1260 3334 1471 3419 proposuisse

327 3435 414 3500 haud
436 3434 572 3521 pigebit.
617 3433 658 3497 In
680 3455 778 3524 versu
800 3434 860 3498 381

382 3659 388 3670 Ι
411 3577 519 3636 Nullus
541 3582 581 3636 est
602 3581 702 3636 tuutus
724 3580 869 3648 quaestus,
892 3593 980 3648 quum
1002 3578 1078 3649 quod
1099 3552 1207 3635 liubans
1223 3594 1352 3650 parcere,

297 3736 300 3742 ·
328 3708 489 3772 sententia
511 3706 642 3793 quidem
665 3701 812 3772 constare
834 3705 977 3789 videtur,
1000 3727 1114 3770 versus
1136 3729 1202 3770 non
1222 3709 1311 3771 item.
1355 3707 1471 3794 Neque

327 3795 437 3872 tamen
463 3808 576 3892 negari
604 3818 711 3894 potest
738 3810 973 3894 negotiatorem
999 3818 1031 3872 et
1055 3811 1210 3874 maiorem
1237 3809 1345 3873 facere
1373 3830 1470 3896 quae·

327 3920 423 3993 stum,
448 3918 479 3973 et
500 3911 624 3974 minore
646 3909 756 3975 labore
779 3920 811 3975 et
833 3911 983 3975 breviore
1005 3920 1160 3998 tempore,
1184 3933 1257 3976 eum
1280 3911 1336 3996 qui
1357 3919 1471 3996 parcat

326 4014 388 4077 hoc
409 4019 536 4076 tanturn
564 4022 745 4098 praestare,
777 4012 863 4099 quod
885 4011 1011 4077 nullum
1033 4012 1148 4078 subeat
1169 4009 1365 4101 periculum,
1396 4034 1471 4075 eum

329 4136 433 4201 neque
448 4137 468 4178 a
483 4112 719 4200 tranquillitate
741 4115 839 4178 maris
862 4137 967 4202 neque
982 4115 1024 4179 ab
1038 4137 1190 4200 agrorum
1207 4113 1377 4179 fertilitate
1393 4135 1470 4201 pen-

329 4218 415 4282 deat.
460 4215 543 4280 Cum
564 4217 665 4301 igitur
686 4239 751 4282 non
772 4226 889 4301 agatur
911 4216 951 4280 de
969 4216 1195 4302 magnitudine
1211 4225 1375 4302 quaestus,
1399 4220 1470 4280 tuu-

329 4326 379 4384 tus
400 4307 495 4382 haud¹
518 4317 617 4383 dubie
640 4328 826 4406 corruptum
848 4329 913 4403 est,
942 4317 1104 4384 Publilius
1127 4327 1236 4382 autem
1259 4319 1390 4404 scripsit
1412 4339 1469 4382 nu·

329 4423 427 4487 meris
448 4421 640 4486 trochaicis:
