3228 5184
306 473 346 539 88
573 499 578 510 ¹
616 488 770 536 rnnnrnu
793 489 871 537 sim
895 489 1124 538 sunrnurmn.

388 642 486 726 Mage
508 641 605 724 valet,
629 642 685 728 qui
707 642 811 705 nescit
834 639 921 727 quod
944 639 1111 706 calamitas
1136 636 1231 707 valet.

388 743 481 807 Mora
503 741 710 828 cogitationis
733 742 905 827 diligentia
928 751 987 808 est.

305 852 367 910 350
388 841 493 907 Multa
515 843 712 928 ignoscendo
734 843 771 908 fit
792 853 907 930 potens
930 845 1104 931 potentior.
1148 911 1152 917 ,
1188 877 1192 884 ·

388 943 500 1010 Multis
522 944 650 1031 placere
672 966 754 1030 quae
777 945 876 1030 cupit,
900 944 1027 1030 culpam
1049 947 1149 1032 cupit.

387 1047 559 1111 Minimum
582 1047 678 1132 eripit
700 1045 841 1128 fortuna,
865 1047 917 1110 cui
939 1047 1109 1111 minimum
1131 1047 1232 1114 dedit.
1284 1077 1289 1087 ·

387 1147 547 1212 Meretrix
569 1162 617 1211 est
639 1148 891 1212 instrumentum
913 1147 1137 1213 contumeliae.

389 1248 495 1313 Malus
519 1249 640 1313 bonum
661 1248 704 1313 ad
727 1271 762 1313 se
784 1271 959 1336 numquam
982 1249 1152 1314 consilium
1174 1251 1282 1318 refert.

305 1358 365 1416 355
389 1350 566 1415 Manifesta
588 1371 685 1413 causa
706 1371 814 1413 secum
838 1350 936 1416 habet
959 1351 1163 1416 sententiam.

366 1444 565 1517 'Multorum
588 1450 765 1515 calamitati
787 1452 840 1515 vir
861 1453 996 1517 moritur
1019 1452 1134 1522 bonus.

387 1552 495 1618 Metus
517 1555 682 1639 improbos
705 1554 891 1637 compescit,
914 1574 979 1617 non
1001 1553 1182 1620 clementia.

387 1655 592 1740 (Muneribus
615 1676 680 1718 non
701 1652 844 1718 lacrimis
867 1656 1021 1720 meretrix
1044 1666 1093 1720 est
1115 1659 1324 1744 misericors)

387 1756 615 1843 (Metuendum
637 1777 764 1842 semper
786 1777 857 1820 esse
879 1758 975 1841 scias,
999 1779 1095 1843 quem
1116 1767 1223 1823 tutum
1245 1759 1354 1846 velis.)

303 1867 365 1924 360
386 1855 475 1922 Mors
497 1857 617 1923 infanti
639 1857 731 1942 felix,
756 1858 869 1922 iuveni
891 1858 1020 1936 acerba,
1044 1875 1123 1924 sera·
1137 1862 1234 1927 nimis
1257 1864 1337 1926 seni.

358 2034 366 2055 ι
388 1958 510 2023 Malam
531 1981 600 2022 rem
622 1981 695 2023 oum
717 1958 811 2043 velis,
835 1959 1037 2024 honestatem
1058 1961 1232 2047 improbes.

387 2059 512 2125 Malum
535 2069 584 2124 est
607 2060 787 2144 consilium,
812 2061 898 2146 quod
919 2063 1038 2125 mutari
1059 2084 1124 2126 non
1146 2060 1283 2150 potest'

371 2161 516 2225 Malitia
537 2161 633 2225 unius
657 2162 721 2225 cito
743 2162 780 2226 fit
803 2159 1013 2226 maledictum
1035 2164 1189 2228 bmnium.

388 2264 526 2328 Mortem
547 2263 605 2327 ubi
628 2271 826 2347 contemnas,
850 2284 959 2326 omnes
982 2265 1109 2329 vicens-
1125 2276 1241 2353 gnatus.

304 2371 365 2428 365
388 2362 511 2427 Misera
533 2373 582 2428 est
603 2363 764 2452 voluptas,
790 2365 847 2430 ubi
869 2363 984 2451 pericli
1006 2371 1162 2430 memora
1184 2377 1242 2432 est.

387 2463 474 2529 Male
497 2464 600 2543 vincit
622 2466 662 2547 is,
686 2487 781 2552 quem
802 2467 947 2552 paenitet
966 2467 1134 2533 victoriae.

305 2778 437 2821 coenas
459 2779 483 2818 v.
502 2733 685 2818 etr-ero}
707 2757 799 2832 rur)

389 2896 449 2954 348
472 2913 549 2971 mage
566 2895 687 2952 Gruter.-
703 2895 786 2968 magis
803 2896 832 2951 F
888 2895 997 2968 ¹quod
1013 2897 1053 2952 F:
1075 2896 1140 2969 quid
1157 2900 1281 2955 editores
1368 2895 1387 2933 '¹‘
1404 2919 1453 2956 ca·

305 2983 410 3038 lamitas
425 2982 508 3038 valet:
533 2999 555 3035 v.
569 2998 591 3036 c.
608 2981 650 3051 F,
672 2996 695 3034 c.
712 2979 776 3052 quid
798 2998 822 3036 v.
840 2981 957 3052 Gruter,
980 2981 1044 3053 quid
1065 2980 1149 3037 valeat
1170 2983 1304 3039 calamitas
1319 2984 1453 3060 Machly.

306 3067 352 3139 Cf.
371 3085 420 3141 pp.
440 3065 480 3123 54
587 3063 647 3122 349
672 3064 716 3136 Cf.
740 3083 765 3120 5.
788 3065 848 3122 311
962 3063 1111 3122 diffidentia
1130 3072 1205 3123 coni.
1230 3069 1336 3124 Gruter

307 3151 368 3209 350
390 3154 482 3207 Aliter
502 3169 527 3207 5.
550 3148 621 3207 394.
644 3147 715 3206 528.
737 3147 805 3205 535.
829 3149 900 3206 592.
924 3148 983 3206 645
1091 3150 1150 3206 351
1178 3151 1222 3224 Cf.
1246 3172 1270 3210 5.
1293 3152 1362 3211 340.
1384 3155 1452 3213 532
1476 3165 1479 3168 “

373 3235 445 3308 culp.
463 3237 539 3308 cupit
554 3237 596 3291 ed.
615 3234 697 3305 Rip.-
720 3250 742 3289 c.
759 3235 829 3307 capit
844 3235 873 3290 F
927 3233 987 3291 352
1011 3234 1123 3292 Seneca
1139 3241 1221 3309 epist.
1239 3237 1289 3309 59,
1308 3237 1345 3295 13
1362 3237 1454 3312 ‘quod

306 3337 361 3376 non
385 3313 459 3375 dedit
478 3319 603 3389 fortuna,
624 3333 677 3374 non
700 3318 799 3390 eripit'.
821 3320 855 3374 de
876 3326 966 3375 const.
982 3333 1046 3391 sup.
1064 3318 1135 3392 5,4
1156 3321 1204 3377 ‘nil
1227 3324 1306 3396 eripit
1325 3321 1460 3400 fortuna,

306 3405 358 3461 nisi
379 3403 453 3476 quod
475 3403 569 3460 dedit'.
656 3403 700 3458 cui
715 3403 880 3459 Bentler'us:
901 3404 1005 3458 cumF
1088 3404 1149 3462 353
1172 3413 1213 3461 est
1228 3407 1307 3463 instr.
1325 3407 1453 3466 Gruter.-

306 3491 385 3546 instr.
402 3495 445 3543 cst
460 3489 489 3543 F
586 3487 646 3545 356
670 3487 811 3543 calamitati
826 3487 1016 3544 Ribbeclcz'us:
1038 3488 1188 3545 calamitate
1203 3493 1232 3546 F
1315 3491 1375 3548 357
1400 3493 1451 3565 Of.

307 3593 331 3632 v.
348 3572 419 3629 494.
438 3572 498 3630 553
599 3572 659 3631 358
684 3571 726 3643 Cf.
740 3589 790 3645 pq.
807 3570 856 3629 56.
904 3569 1046 3628 Creticum
1066 3575 1214 3630 dimetrum
1236 3577 1304 3631 elicit
1320 3576 1452 3650 Spenge-

306 3662 363 3715 llus
382 3661 411 3713 lu
433 3658 538 3714 Coecil.
555 3675 588 3728 p.
607 3659 641 3727 7,
663 3655 818 3712 muneribus
840 3657 967 3712 meretrix
990 3658 1124 3731 tangitur,
1146 3675 1202 3714 555
1223 3660 1337 3715 lacrimis
1352 3660 1453 3718 Bolbe

392 3740 451 3798 359
476 3741 521 3813 Of,
539 3760 563 3798 5.
582 3743 609 3798 9.
628 3741 695 3797 116.
713 3740 773 3798 519
860 3741 1033 3797 Metuendnm
1055 3758 1161 3815 semper
1175 3750 1218 3799 est
1232 3745 1274 3816 51,
1297 3744 1368 3818 quod
1382 3753 1402 3801 t.
1420 3765 1450 3803 v.

308 3828 417 3883 Gruter
508 3825 570 3884 330
593 3827 719 3882 Senteal.
745 3825 866 3898 Futile
887 3827 949 3882 coel.
971 3827 1067 3882 Paris.
1092 3829 1141 3882 lat.
1164 3824 1262 3898 4841,
1290 3845 1367 3885 suec.
1388 3831 1453 3901 IX)

306 3907 389 3967 ‘Mors
405 3909 470 3966 lorti
486 3907 568 3982 1565,
590 3910 715 3966 servienti
737 3917 843 3982 optata,
867 3909 988 3966 obtabilis
1003 3912 1147 3967 inmatura’
1173 3911 1245 3983 (coel.
1262 3913 1451 3988 inmutatum).

379 4011 451 4051 -sera
475 3995 552 4050 nimis
575 3994 696 4052 Gruter.-
718 3995 797 4049 nimis
818 4011 877 4049 sera
896 3995 926 4051 F
1014 3995 1075 4052 362
1100 3996 1207 4053 Gellius
1228 3997 1356 4068 17,14,
1377 4001 1450 4057 Joa.

307 4081 422 4137 Suresb.
439 4080 546 4136 Polior.
564 4079 593 4150 8,
612 4079 660 4148 14,
677 4078 700 4135 C
779 4078 843 4136 ,363
867 4079 933 4135 Seu.
949 4080 1078 4136 Phaedr.
1094 4079 1154 4136 573
1171 4079 1223 4152 (=
1238 4083 1357 4154 Hippoi¹
1370 4083 1449 4162 563)

307 4162 372 4220 ‘Gur
393 4165 511 4220 omnium
527 4162 558 4219 iit
573 4164 651 4237 culpa
665 4179 809 4236 paucarum
824 4163 943 4219 scelusl'
1044 4165 1105 4222 364
1128 4165 1173 4236 Cf.
1191 4165 1252 4223 205
1352 4185 1452 4226 ornnes

307 4269 331 4305 v.
349 4261 384 4304 m:
398 4250 516 4323 Inpolsl.
534 4265 568 4303 m.
585 4267 608 4304 v.
626 4266 651 4304 o.
669 4249 704 4316 F,
720 4265 745 4301 v.
762 4264 787 4303 o.
804 4265 837 4303 m.
854 4248 949 4305 Bollze
1048 4249 1108 4306 365
1134 4247 1177 4322 Cf.
1194 4250 1253 4307 521
1350 4253 1451 4325 pericli

307 4335 427 4407 Inpolst.
445 4333 558 4406 periculi
573 4335 602 4388 F
684 4332 744 4389 366
767 4333 789 4386 is
811 4349 891 4404 quem
913 4332 963 4405 (cf.
980 4352 1004 4390 5.
1022 4327 1072 4402 82,
1090 4332 1161 4406 174)
1177 4335 1299 4392 Gruter.-
1314 4353 1394 4409 quern
1410 4340 1451 4408 F,

306 4417 437 4488 fortusse
457 4433 537 4489 quem
557 4426 621 4491 post
643 4420 679 4474 cl.
703 4435 727 4473 5.
752 4416 820 4472 111.
840 4416 909 4474 196.
927 4417 1003 4489 271,
1025 4435 1104 4492 quem
1125 4436 1187 4475 mor
1207 4421 1356 4486 Halmium·
1378 4423 1452 4479 male
1543 4479 1546 4484 ,

309 4503 390 4557 vincit
405 4501 555 4572 audaciam,
573 4518 652 4574 quem
667 4502 789 4574 poenitet
805 4502 915 4557 victoria
934 4503 958 4558 Τ
1286 4515 1292 4531 ‘
