3252 5180
280 459 283 464 ,
311 384 352 450 58
742 399 1016 448 01010000οΝ1.

314 577 377 642 quo
409 530 516 620 errdre
538 554 709 620 inductum
730 554 902 642 scripsisse
918 555 991 638 pati
1012 575 1072 642 pro
1094 575 1148 637 eo,
1177 552 1264 639 quod
1286 553 1320 616 in
1341 551 1452 616 arche·

312 666 393 745 typo
415 658 596 738 invenerat,
617 657 729 737 faeere.

395 757 570 823 (laesuram
598 767 672 845 post
700 759 834 823 tertium
860 759 1021 843 iambum,
1050 780 1113 846 qua
1140 757 1259 822 senarii
1288 755 1477 820 dimidiati·

310 859 549 941 dissolvuntur,
583 858 682 944 vulgo
717 860 865 937 damnari
898 860 951 925 001
981 871 1067 926 certe
1100 859 1279 946 vituperari
1307 867 1447 922 constat:

311 983 403 1048 quae·
415 965 497 1028 ratio
520 983 617 1048 saepe
639 963 834 1028 emendandi
856 962 1029 1028 consilium
1046 963 1120 1027 01110
1137 984 1179 1026 ex
1194 962 1298 1026 causis
1313 959 1451 1046 petitum
1523 1029 1526 1034 ,

311 1064 525 1129 confirmavit.
570 1062 620 1128 Of.
637 1087 669 1128 0.
685 1064 737 1129 68.
756 1065 825 1130 132.
844 1065 914 1129 143.
951 1065 992 1128 V.
1008 1065 1070 1129 601
1094 1086 1159 1129 non
1180 1061 1485 1150 acquiescendum,
1596 1077 1597 1096 ¹

198 1187 201 1194 ·
312 1175 380 1230 crat
402 1166 437 1230 in
459 1167 660 1232 coniectura:

481 1325 545 1384 Sibi
565 1327 622 1401 ipsi
642 1326 824 1400 suppliciam,
844 1321 952 1402 lquere
973 1325 1094 1384 admissi
1110 1326 1248 1398 paenitet,

311 1473 369 1538 sed
396 1473 593 1560 transposito
620 1472 809 1561 pronomine
832 1471 970 1537 relativo
993 1470 1173 1557 elegantiae
1196 1493 1308 1535 versus
1332 1492 1444 1564 consu-

310 1573 452 1638 lendum.
496 1575 610 1660 Neque
636 1585 745 1640 tamen
767 1584 803 1638 ut
830 1574 910 1638 haec
932 1596 1066 1638 caesura
1086 1572 1209 1660 ubique
1231 1581 1451 1637 removeretur

181 1661 187 1668 “
310 1676 458 1760 contige.
503 1675 552 1740 of.
576 1699 608 1739 v.
634 1678 683 1740 15.
706 1677 758 1740 00.
784 1676 854 1740 192.
877 1676 950 1741 361.
972 1676 1045 1744 491.
1067 1661 1130 1741 542
1146 1685 1178 1739 a
1200 1698 1231 1738 v.
1247 1674 1320 1739 roo.
1366 1673 1448 1738 con-

312 1778 412 1841 trario
444 1777 541 1843 modo
574 1779 610 1841 10
642 1778 840 1841 tetrametris
873 1777 1064 1861 trochaicis,
1099 1778 1127 1842 si
1159 1778 1215 1863 qui
1248 1777 1451 1841 coniecturae

313 1901 373 1965 ope
395 1878 605 1964 indigebant,
636 1901 769 1965 operam
791 1879 957 1964 dedimus,
980 1888 1017 1944 ut
1039 1901 1172 1952 caesura
1195 1888 1281 1943 esset
1305 1876 1449 1962 legitimo

310 1979 392 2063 loco,
415 1980 450 2043 id
473 1990 522 2044 est
543 1990 618 2067 post
640 1979 755 2068 pedem
778 1992 939 2068 quartum.
980 1981 1037 2079 111.
1060 2004 1092 2045 0.
1111 1981 1181 2045 126.
1200 1980 1270 2046 155.
1286 1980 1358 2044 381.
1374 1978 1448 2042 479.

311 2082 383 2146 635.
407 2082 508 2167 (638).

395 2184 429 2269 3)
453 2184 648 2270 Priusquam
675 2184 722 2248 de
753 2207 932 2250 sermone
959 2183 1130 2249 Publilii
1159 2184 1324 2266 dicamus,
1357 2180 1450 2246 refel·
1495 2241 1499 2246 .

310 2284 406 2348 lenda
428 2293 477 2349 001
499 2285 701 2372 quorundam
723 2287 848 2374 opinio,
877 2288 934 2375 qui
955 2287 1041 2362 hunc
1068 2297 1198 2378 poetam
1220 2309 1273 2352 ore
1297 2286 1447 2350 Enniano

311 2384 365 2449 vel
379 2386 531 2452 Plautino
554 2386 698 2452 locutum
720 2411 791 2454 esse
814 2389 879 2454 sibi
893 2389 1031 2476 aliisque
1047 2398 1291 2475 persuaserunt:
1307 2375 1450 2452 ‘circum-

311 2488 459 2552 feruntur
481 2491 625 2553 enimin
648 2490 845 2576 editionibus
864 2491 989 2557 'multae
1011 2491 1133 2558 formae
1148 2492 1357 2578 antiquiores,
1381 2491 1450 2576 qui-

264 2639 266 2645 .
311 2590 371 2654 bus
394 2589 609 2655 Ciceroniana
630 2601 719 2656 aetas
742 2592 907 2658 abstinere
930 2595 1135 2677 adsueverat,
1157 2596 1216 2658 siet
1236 2615 1268 2656 v.
1287 2593 1358 2658 396.
1374 2593 1449 2674 430,

281 2719 285 2723 ·
304 2693 423 2774 possiet
443 2691 520 2772 379,
544 2694 630 2775 potis
650 2700 696 2759 est
720 2695 800 2778 656,
824 2698 941 2762 credier
962 2697 1020 2780 27,
1049 2696 1243 2761 dominarier
1264 2695 1344 2775 213,
1374 2695 1450 2759 0111-

310 2792 519 2873 0100101305,
547 2797 701 2860 mutarier
722 2797 800 2879 3793
829 2821 862 2860 0.
885 2799 1080 2881 2300011001
1104 2819 1162 2885 pro
1186 2800 1336 2862 10000101
1364 2797 1450 2881 posi-

309 2903 380 2958 tum
401 2893 544 2959 Publilio
566 2896 745 2984 imputavit
765 2899 981 2981 Ribbeckius,
1006 2923 1038 2963 0.
1054 2900 1115 2964 347
1138 2905 1205 2965 tum
1227 2920 1264 2962 ea
1287 2897 1449 2982 significa·

311 2997 414 3078 tione,
443 3005 480 3061 ut
507 2995 595 3061 idem
623 2998 731 3064 valeat
753 3003 840 3088 quod
863 3008 980 3081 tamen,
1009 3001 1145 3067 Bothius
1168 2999 1280 3066 addito
1308 3005 1451 3064 ‘versum

311 3120 383 3162 esse
404 3097 542 3163 alicuius
559 3121 601 3164 ex
621 3103 877 3168 vetustioribus’.
922 3103 988 3168 Sed
1003 3102 1099 3167 valde
1116 3101 1290 3168 dolendum
1305 3099 1452 3166 absoleta

311 3198 368 3263 1110
390 3222 550 3286 nusquam
572 3201 638 3287 legi
660 3205 695 3267 in
717 3205 902 3287 codicibus,
926 3207 991 3270 nisi
1013 3205 1098 3270 forte
1120 3228 1151 3268 0.
1175 3206 1215 3269 27
1238 3206 1274 3268 10
1294 3203 1451 3268 librorum

312 3300 532 3389 discrepantia
553 3307 674 3371 credere
696 3316 728 3370 et
750 3308 833 3370 credi
854 3308 997 3392 vestigia
1019 3306 1120 3397 latent
1142 3307 1297 3370 infinitivi
1316 3307 1451 3384 credie,-

310 3404 419 3489 itaque
450 3406 557 3490 prisca
586 3408 742 3471 sermonis
779 3416 926 3472 vetustas
956 3407 1134 3473 editoribus
1165 3397 1315 3472 ultimum
1342 3408 1450 3493 potius

309 3503 475 3589 refugium
497 3506 597 3572 fuisse
620 3508 768 3592 videtur,
793 3511 941 3595 quotiens
962 3520 999 3574 ut
1020 3508 1116 3574 aliter
1138 3533 1180 3574 ex
1202 3507 1450 3573 difficultatibus

310 3628 344 3668 se
367 3607 559 3693 expedirent
586 3632 651 3675 non
674 3609 823 3696 contigit.
868 3610 962 3691 Quae
984 3634 1019 3676 re
1041 3634 1120 3675 vera
1144 3612 1348 3697 antiquitatis
1371 3611 1472 3677 ima.

310 3707 420 3791 ginem
447 3710 605 3794 referant,
635 3734 738 3798 pauca
765 3713 940 3800 admodum
963 3723 1053 3797 sunt,
1085 3737 1117 3776 v.
1139 3713 1204 3778 434
1225 3715 1361 3796 addecet,
1388 3712 1451 3776 624

309 3814 372 3887 sat,
400 3808 462 3872 411
480 3832 607 3894 perpes,
637 3822 668 3876 et
690 3815 798 3900 ipsum
820 3816 952 3902 quidem
975 3813 1160 3881 coniectura
1183 3814 1368 3896 inductum,
1392 3813 1451 3878 sed

309 3912 494 3975 necessaria
515 3913 557 3977 ob
579 3923 733 3998 metrum3
756 3918 879 4002 pariter
900 3940 990 4001 maye
1012 3927 1044 3982 et
1058 3924 1133 4001 pote
1151 3918 1186 3980 in
1201 3915 1368 3980 codicibus
1384 3914 1450 4000 ple-

308 4034 444 4099 rumque
466 4025 619 4103 corrupta
638 4017 674 4080 in
695 4021 798 4100 maqis
820 4028 852 4083 et
867 4026 977 4103 potest,
1001 4043 1020 4084 0
1043 4028 1145 4083 metro
1167 4018 1347 4081 firmantur.

394 4115 441 4180 Ut
462 4125 571 4180 autem
593 4116 635 4181 ab
658 4117 811 4184 obsoletis
834 4121 1010 4203 abstinuit,
1039 4123 1102 4204 ite,
1130 4122 1164 4183 in
1188 4119 1358 4184 sententiis
1377 4118 1449 4206 *qui-

310 4216 399 4298 dem,
428 4240 448 4280 a
473 4219 635 4284 novandis
663 4243 791 4307 quoque
816 4223 939 4288 verbis.
981 4223 1035 4288 Ad
1064 4221 1243 4287 ornandam
1270 4207 1448 4285 orationem

309 4341 375 4382 non
397 4319 444 4382 ita
464 4319 652 4406 frequenter
674 4346 751 4387 usus
776 4332 825 4388 est
846 4323 1088 4407 allitteratione,
1116 4347 1148 4387 0.
1170 4323 1233 4387 246
1253 4323 1345 4403 fortis
1364 4321 1450 4401 felia,

309 4419 374 4487 494
394 4421 478 4504 flecto
497 4423 628 4512 frunpO,
651 4425 713 4490 668
736 4427 823 4492 dolor
844 4428 1004 4506 demeum,
1027 4449 1188 4513 nusquam
1208 4422 1444 4491 homoeoteleu-
