3252 5180
576 493 849 552 rnonneounns.
1241 488 1281 557 33

130 656 268 740 luerim,
304 655 542 730 multominus
573 655 619 719 55
650 657 910 722 versionibus
943 668 1093 722 accurate
1120 660 1282 724 disserere
1349 650 1351 656 ’

130 760 167 821 15
192 758 303 822 animo
327 767 385 822 est.
431 757 557 821 Graece
580 760 759 822 sententias
783 757 834 825 bis
858 761 1021 844 expressit
1047 759 1069 824 J
1076 782 1127 825 os.
1154 760 1280 827 85511-

130 882 220 944 ger:
258 859 451 934 Pithoeanas
479 881 564 923 anno
594 859 691 942 1598,
726 859 765 924 55
794 861 913 946 quibus
942 883 1040 948 supra
1068 863 1192 926 dictum
1221 871 1282 946 est,

132 961 353 1025 Gruterianas
381 983 465 1050 anno
493 959 561 1024 sere
591 961 673 1026 1605
700 960 755 1025 vel
785 962 876 1028 16011.
921 961 972 1025 Of.
1003 962 1213 1049 Scaligerana
1235 963 1281 1027 ΙΙ.

130 1064 162 1127 5.
181 1085 215 1126 v.
233 1061 373 1127 Gruter:
399 1062 516 1127 Gruter
539 1065 624 1126 55511
642 1063 706 1143 soit
728 1064 890 1145 iumm'mcr
911 1086 956 1128 55
978 1064 1079 1147 Syrus
1101 1067 1282 1148 5591551115

124 1165 194 1244 j’as'
216 1169 283 1227 tout
305 1165 472 1229 15515555
494 1185 637 1228 uouocuo
659 1165 856 1247 55415511.

223 1263 419 1329 Germanice
431 1267 568 1330 vertisse
585 1287 638 1329 eas
654 1265 758 1329 fertur
773 1266 973 1330 Martinus
996 1267 1170 1354 Opitius.
1204 1269 1281 1334 Pro·

132 1368 269 1430 dierunt
298 1368 384 1431 enim
411 1389 495 1431 anno
522 1368 602 1431 1705
630 1366 837 1431 Francofurti
864 1368 907 1433 55
934 1368 1088 1433 Moenum
1115 1371 1202 1456 apud
1224 1371 1281 1435 Jo-

131 1469 278 1532 hannem
300 1467 461 1532 Maximil.
484 1490 504 1531 5
526 1468 634 1533 85555
657 1469 750 1534 ‘Cato
774 1478 807 1532 et
821 1469 914 1534 Mimi
936 1473 1141 1554 τρίγλωττοι,
1164 1493 1283 1556 graeca

132 1593 179 1633 ex
195 1570 395 1657 metaphrasi
410 1570 432 1635 J
434 1592 480 1634 os.
496 1568 667 1653 Scaligeri,
688 1569 883 1635 Germanice
899 1573 1102 1657 potissimum
1118 1594 1159 1636 ex
1175 1584 1282 1637 mente

132 1671 285 1735 eiusdem
314 1681 346 1736 et
375 1671 472 1757 Gasp.
501 1670 628 1735 Baithii
659 1693 814 1758 expressa
841 1693 860 1736 5
888 1672 1029 1737 Martino
1057 1672 1194 1760 Opitio'.
1217 1674 1283 1739 -At
1351 1667 1354 1672 ’

131 1773 318 1837 verendum
349 1782 399 1837 est
425 1795 466 1836 ne
494 1772 555 1836 hoc
582 1772 676 1838 titulo
700 1777 787 1859 eapti
817 1775 1026 1862 praeproperi
1047 1774 1162 1859 gaudii
1183 1797 1282 1839 usura

130 1875 298 1938 fruantur.
343 1875 427 1940 Nam
455 1877 546 1939 inre
568 1875 694 1940 incerta
720 1876 785 1940 1115
813 1885 888 1940 sunt
915 1877 1115 1960 certissima,
1142 1877 1282 1963 primurn

131 1979 171 2039 in
196 1974 242 2038 M.
266 1976 370 2062 Opitii
392 1976 591 2066 editionibus
614 1975 696 2040 nihil
719 1977 795 2061 legi,
819 1999 883 2064 quo
906 1999 979 2040 5515
997 1975 1131 2041 Publilii
1154 1988 1281 2042 senten·
1387 2001 1392 2012 ’

131 2079 195 2142 1115
219 2078 385 2141 vertendis
410 2099 541 2164 operam
563 2077 694 2142 dedisse
717 2077 859 2160 eluceat,
889 2076 1008 2141 deinde
1029 2077 1155 2142 fraudis
1179 2080 1283 2165 suspi-

133 2179 227 2242 cioni
247 2178 392 2242 obnoxia
414 2201 502 2260 esse,
533 2179 793 2265 quibuscumque
816 2178 912 2264 Gasp.
936 2178 1065 2242 Barthii
1087 2201 1203 2246 nomen
1226 2180 1282 2242 ad-

132 2281 262 2366 haeret,
285 2292 448 2366 postremo
470 2302 585 2346 versus
608 2281 696 2368 ipsos
720 2282 852 2344 minime
875 2289 1004 2367 poetam
1027 2301 1151 2367 sapere.

225 2379 321 2445 Ultra
342 2383 552 2448 Erasmianas
581 2383 776 2466 sententias,
805 2383 961 2448 ducentas
990 2383 1197 2466 septuaginta
1224 2403 1282 2444 nu-

132 2504 246 2564 merc,
268 2505 333 2547 non
356 2505 506 2568 egressus
531 2494 595 2567 551,
627 2486 683 2571 qui
705 2507 789 2550 anno
815 2485 897 2549 1809
919 2482 1061 2548 Publilio
1084 2483 1119 2546 in
1141 2482 1282 2568 patrium

134 2606 320 2650 sermonem
335 2585 493 2650 vertendo
514 2607 644 2649 manum
660 2586 818 2667 admovit,
842 2586 874 2651 J.
890 2586 929 2649 F.
946 2586 1153 2649 Kremsier
1176 2583 1282 2670 (Lips.

133 2685 228 2774 apud
251 2686 322 2751 Joa.
345 2685 518 2772 Summer),
541 2687 606 2750 nisi
628 2686 715 2773 quod
737 2686 927 2775 appendicis
950 2686 1020 2751 loeo
1043 2687 1183 2752 subiecit
1205 2701 1289 2771 qua·

134 2788 330 2872 dringentas
358 2787 554 2854 Publilianis
583 2788 706 2853 similes
734 2812 754 2852 a
777 2790 818 2854 G.
842 2789 994 2854 Fabricio
1023 2786 1189 2872 collectas3
1219 2786 1282 2849 lar-

134 2892 265 2975 giorem
281 2889 416 2956 Gruteri
437 2889 636 2975 farraginem
658 2890 740 2955 alter
762 2913 873 2977 presse
891 2895 1089 2956 5555155551
1110 2890 1282 2974 interpres,

136 2993 375 3057 Leonardus
400 2992 675 3075 Schwarzius,
707 2995 800 3058 cuius
823 3014 900 3057 cura
921 2994 955 3055 in
977 2990 1082 3054 lucem
1106 2988 1283 3072 Gottingae

136 3115 226 3158 anno
250 3094 331 3159 1813
354 3095 442 3158 edita
465 3105 525 3158 est.

226 3196 420 3284 Nupcrrime
443 3197 584 3282 denique
606 3197 641 3260 in
663 3195 769 3259 lucem
784 3195 907 3281 prodiit
926 3194 980 3258 hic
995 3193 1093 3258 liber:
1118 3193 1282 3258 ε1155555-

136 3310 250 3363 tences
279 3287 320 3360 de
342 3296 479 3362 Publius
503 3297 622 3383 Syrus,
651 3295 811 3362 traduites
835 3319 875 3360 cn
896 3293 1118 3360 Alexandrins
1141 3294 1283 3380 franceis

138 3421 200 3487 par
222 3398 470 3463 Anacharsis
494 3398 672 3463 Gombes.
710 3397 873 3463 Toulouse
897 3399 1001 3463 1868)
1040 3395 1147 3476 Quam
1170 3418 1283 3482 parum

29 3520 35 3531 ·
137 3502 194 3565 hic
209 3501 305 3564 homo
322 3499 440 3565 11115115
463 3498 573 3565 1511515
596 3502 742 3565 imbutus
765 3501 819 3581 sit,
843 3499 1085 3587 hincapparet,
1110 3487 1196 3586 quod
1218 3501 1282 3584 pri·

138 3625 226 3666 15515
248 3601 384 3667 Publilii
406 3602 582 3667 editionem
604 3625 688 3666 anno
714 3601 795 3666 1552
819 3600 996 3687 prodiisse,
1025 3610 1154 3688 poetam
1176 3603 1284 3686 ipsum

138 3727 159 3768 a
182 3704 378 3788 Domitio(!)
406 3725 503 3767 manu
527 3706 664 3769 missum
687 3724 757 3766 esse
779 3700 907 3787 aliaque
929 3701 964 3766 id
985 3723 1088 3787 genus
1110 3723 1213 3789 aeque
1235 3702 1283 3765 in·

140 3815 217 3891 epta
238 3803 387 3869 tradidit.
