3228 5184
415 505 417 512 .
482 473 637 520 ruuuruu
660 463 738 521 star
762 473 990 522 snuruurmu.
1263 460 1304 524 93

243 626 319 690 Non
341 647 469 712 semper
490 648 602 690 aurem
624 624 754 689 facilem
776 625 918 692 facilitas
940 627 1049 692 habet.

244 729 429 815 Numquam
451 749 518 791 non
538 727 638 791 miser
660 735 720 814 est,
744 728 800 813 qui
822 729 910 813 quod
931 729 1045 793 timeat
1066 729 1198 813 cogitat.
1284 729 1293 744 '

244 831 288 895 Ni
310 830 367 918 qui
390 829 452 894 scit
474 828 593 911 facere,
619 828 758 893 insidias
779 829 884 893 nescit
906 839 1059 895 metuere.

156 938 221 996 415
243 932 351 1017 Negat
375 931 439 995 sibi
461 931 532 1019 ipse
555 931 612 1017 qui
634 930 721 1016 quod
743 929 878 994 difficile
900 942 950 996 est
971 934 1065 1019 petit.

244 1033 390 1097 Nimium
411 1031 598 1098 altercando
620 1033 742 1098 veritas
763 1034 934 1098 amittitur.

244 1133 342 1199 Nullo
365 1135 400 1197 in
422 1133 492 1200 loeo
514 1136 598 1199 male
622 1133 715 1198 audit
736 1134 971 1215 misericordia.

245 1236 433 1301 Necessitas
456 1237 544 1322 quod
566 1235 660 1319 celat,
683 1234 805 1300 frustra
827 1237 1003 1322 quaeritur.

245 1337 432 1402 Necessitas
456 1353 552 1423 quam
574 1338 726 1425 pertinax
747 1358 885 1422 regnum
906 1337 1014 1402 tenet!

157 1447 223 1505 420
245 1439 349 1504 Nemo
371 1440 533 1503 inmature
553 1440 691 1504 moritur
714 1441 770 1525 qui
790 1439 926 1503 moritur
947 1440 1057 1504 miser.

245 1541 425 1605 Nocentem
447 1542 507 1627 qui
525 1539 685 1622 defendit,
709 1540 773 1604 sibi
795 1541 917 1604 crimen
939 1541 1041 1628 parit.

245 1642 302 1707 Nil
323 1665 391 1709 non
411 1653 468 1708 aut
489 1641 570 1707 lenit
592 1651 648 1707 aut
670 1641 783 1708 domat
805 1642 1014 1708 diuturnitas.

243 1743 301 1810 Nil
322 1754 417 1832 turpe
440 1745 539 1810 ducas
562 1767 621 1831 pro
643 1744 758 1810 salutis
780 1743 934 1810 remedio.

244 1845 321 1912 Noli
343 1855 548 1911 contemnere
571 1867 619 1930 ea,
643 1869 725 1933 quae
748 1870 888 1913 summos
911 1847 1094 1912 sublevant.

154 1955 219 2013 425
243 1946 300 2013 Nil
321 1948 411 2013 aliud
434 1949 496 2012 scit
517 1950 708 2033 necessitas,
732 1971 829 2036 quam
850 1951 992 2014 vincere.

152 2122 156 2136 Ι
243 2050 346 2115 Nemo
368 2050 514 2116 timendo
535 2051 761 2115 adsummum
783 2053 934 2137 pervenit
956 2051 1071 2116 locum.

206 2191 209 2201 ·
243 2153 316 2217 Nisi
339 2175 397 2240 per
418 2161 451 2217 te
474 2153 592 2239 sapias,
610 2133 737 2230 trustis
759 2155 940 2239 sapientem
961 2154 1085 2217 audias.

154 2324 162 2328 ,
243 2246 442 2319 Necessitati
463 2256 593 2342 sapiens
615 2254 698 2330 nihil
719 2277 872 2341 umquam
894 2266 1003 2341 negat.

242 2357 317 2423 Non
338 2356 437 2422 facile
460 2358 501 2421 de
524 2359 704 2422 innocente,
720 2358 842 2422 crimen
863 2358 1008 2443 fingitur.

153 2466 220 2524 430
241 2455 393 2523 Nimium
410 2459 488 2524 boni
511 2468 561 2524 cst
582 2459 617 2522 in
638 2466 752 2544 morte,
775 2461 827 2523 cui
849 2459 896 2523 nil
919 2461 962 2524 sit
983 2459 1072 2523 mali.

241 2561 284 2624 Nl
305 2560 427 2646 gradus
451 2562 610 2644 servetur,
633 2560 716 2625 nulli
738 2561 828 2625 tdtus
850 2570 901 2626 est
923 2561 1067 2626 summus
1090 2558 1191 2624 locus.

241 2660 297 2726 Nil
319 2671 369 2726 est
391 2663 553 2746 miserius,
577 2684 673 2750 quam
696 2663 754 2728 ubi
776 2663 877 2749 pudet
900 2661 987 2750 quod
1009 2662 1136 2727 feceris.

241 2764 311 2828 Nec
332 2774 469 2830 mortem
491 2764 635 2850 effugere
657 2767 911 2860 quisquamnec
932 2785 1076 2829 amorem
1096 2773 1214 2851 potest.

159 3096 292 3138 comeus
308 3097 333 3136 v.
349 3077 532 3137 387-435:
548 3079 577 3134 F
590 3076 636 3150 (T)
754 3099 763 3116 ·

152 3230 217 3288 412
241 3231 353 3294 facilitas
374 3231 454 3287 hehet
469 3231 582 3304 Meyer⁷
599 3232 675 3304 quod
689 3233 904 3286 commendatur
919 3247 944 3286 o.
963 3228 1038 3285 178:
1054 3229 1081 3286 h.
1096 3228 1208 3284 facilitas
1217 3229 1253 3299 F,
1269 3228 1296 3284 h.

155 3316 270 3372 felicitas
287 3317 405 3389 Gruter,
420 3319 455 3372 de
470 3335 528 3390 quo
540 3319 708 3387 corruptela
721 3314 761 3386 ef.
775 3318 815 3371 ud
824 3335 849 3372 u.
863 3314 923 3371 278
983 3313 1044 3370 413
1068 3315 1160 3369 timent
1170 3314 1299 3387 Inputet.-
1355 3339 1359 3346 ·

154 3403 232 3456 timet
247 3403 276 3457 F
358 3399 420 3457 414
443 3403 471 3455 ni
485 3403 527 3458 F:
548 3403 599 3456 nisi
614 3403 754 3471 editores,
776 3400 817 3473 ef.
830 3419 879 3474 99.
896 3397 936 3456 56
1022 3396 1084 3454 415
1107 3399 1299 3472 ἰρεε1119οιει.

156 3484 240 3542 Cuee.
263 3486 348 3542 Ball.
364 3486 481 3544 Monac.
499 3487 527 3557 1,
546 3485 593 3542 13.
610 3487 707 3542 Puris.
718 3485 780 3556 59,
800 3503 848 3559 pp.
867 3485 914 3540 19.
930 3481 987 3556 41,
1018 3484 1096 3540 Viae.
1113 3484 1149 3539 B.
1165 3498 1207 3554 sp.
1224 3485 1251 3538 d.
1268 3481 1298 3554 4,

156 3570 207 3642 51,
222 3588 267 3644 sp.
283 3571 347 3628 hist.
363 3571 398 3644 3,
415 3570 469 3626 58:
489 3572 541 3644 ipsi
558 3570 593 3642 O,
610 3589 661 3627 om.
678 3571 714 3642 F,
742 3571 854 3627 Walter
869 3570 982 3642 Burley
997 3585 1018 3624 s.
1036 3587 1060 3625 u.
1077 3568 1215 3624 Socrates

154 3655 216 3712 416
239 3657 371 3712 omittitur
388 3657 496 3712 Gellius
512 3656 562 3727 17,
580 3655 635 3726 14,
651 3654 783 3711 Maeroh.
801 3655 860 3711 Sul.
878 3653 908 3725 2,
925 3653 954 3724 7,
969 3654 1034 3710 Joe.
1053 3652 1169 3708 Sorech.
1185 3653 1293 3708 Polior.

70 3771 73 3777 ·
155 3741 191 3812 8,
209 3740 263 3796 14:
286 3742 418 3796 evertitur
433 3741 474 3812 F,
495 3741 628 3796 emittitur
648 3741 742 3796 Pelet.
760 3739 905 3796 Macrobii
995 3737 1056 3793 417
1079 3737 1155 3792 nullo
1170 3738 1300 3810 Inputat:

153 3825 258 3881 nullom
274 3825 303 3880 F
384 3824 444 3881 421
470 3825 521 3881 sibi
541 3826 642 3880 crimen
657 3827 698 3881 F.-
720 3841 758 3880 cr.
774 3824 825 3880 sihi
841 3824 961 3898 lnpolst.
977 3821 1084 3878 sibimet
1101 3823 1205 3878 crimen
1223 3830 1299 3895 parat

157 3911 182 3966 T
265 3908 326 3966 422
352 3910 390 3965 nil
406 3911 537 3984 lupolst..⁸
559 3910 625 3965 nihil
641 3911 670 3965 F
772 3907 835 3966 423
858 3909 896 3964 nil
911 3909 1040 3983 Inputet:
1062 3906 1128 3963 nihil
1143 3907 1198 3962 FT

152 4003 235 4068 turpe
250 3996 291 4051 F.-
314 3996 425 4068 turpius'
439 3995 471 4066 Τ,
487 4003 608 4068 tempora
623 3995 740 4068 Inputet.
839 3994 911 4050 dicas
928 3993 1001 4066 quod
1017 3991 1047 4048 fit
1061 4009 1111 4066 pro
1127 4008 1150 4046 s.
1167 4009 1190 4047 r.
1210 3992 1242 4061 Τ,
1258 3989 1299 4062 cf.

153 4099 179 4138 v.
197 4079 258 4137 379
275 4087 303 4136 et
320 4080 359 4137 76
459 4078 520 4137 425
547 4078 709 4152 09611399
810 4079 992 4152 11111119εἱει.;
1011 4077 1122 4133 nihilF
1220 4091 1298 4148 quam

152 4165 388 4238 lnpolst.:quiF
484 4163 546 4221 427
568 4163 679 4220 Auni?
775 4162 836 4220 428
860 4165 959 4220 Malim
974 4163 1026 4233 nil;
1050 4162 1091 4234 ef.
1104 4180 1151 4236 99,
1170 4159 1210 4217 56

120 4317 124 4326 ι
157 4250 222 4308 330
246 4251 359 4305 nimium
374 4250 505 4324 Inpulsu:
519 4251 644 4305 nimirum
660 4251 689 4305 F
757 4243 853 4304 *honi
868 4257 910 4305 εει
924 4251 952 4304 iu
968 4254 1071 4318 morte,
1087 4248 1128 4302 cui
1145 4245 1196 4301 nil:
1219 4252 1261 4300 cst
1275 4245 1302 4300 iu

150 4353 189 4391 m.
206 4334 233 4391 h.
250 4351 312 4390 cum
329 4334 394 4390 nihil
410 4336 452 4399 F‚·
474 4335 514 4408 ef.
529 4335 645 4391 Furius
666 4336 746 4405 apud
760 4334 851 4391 Cicer.
868 4335 902 4389 de
916 4336 967 4406 fin.
985 4331 1020 4404 2,
1039 4331 1094 4403 13,
1109 4330 1148 4386 41
1173 4329 1299 4385 ‘Nimium

151 4420 222 4476 honi
238 4427 292 4492 εει,
308 4421 352 4475 cni
367 4419 406 4475 nil
421 4427 464 4475 est
480 4413 622 4496 [indiam]
639 4419 724 4477 moli?
768 4435 829 4474 cum
845 4419 882 4473 nil
897 4419 1081 4491 ε1ε11119οιει.
1096 4426 1099 4433 ’
1153 4415 1213 4473 431
1235 4415 1299 4488 scr-

150 4513 231 4563 tusse
246 4513 391 4561 serventur
475 4503 537 4561 432
561 4504 598 4559 nil
613 4504 742 4578 Inputat.-
764 4503 830 4559 nihil
846 4504 874 4558 F
