3228 5184
329 463 389 528 142
779 479 827 526 nn.
849 478 1014 528 nonnius.

347 639 396 696 68.
420 631 598 697 Inhonesta
620 632 760 697 victoria
781 642 832 698 est
854 653 929 697 suos
953 632 1095 695 vincere.

347 739 397 798 69.
422 731 509 799 Satis
533 742 583 799 est
605 755 784 822 poenarum
805 733 952 820 potuisse
973 733 1093 821 puniri.

347 841 396 901 70.
422 842 471 898 71.
495 834 689 901 Inimicitias
711 834 805 901 tarde
828 835 968 922 suscipe,
991 834 1158 901 moderate
1181 855 1306 920 exerce,
1329 835 1474 902 fideliter

421 935 558 1025 depone.

347 1044 396 1103 79.
421 1045 469 1102 73.
492 1038 606 1124 Imago
628 1040 730 1103 animi
752 1060 857 1103 sermo
881 1046 946 1104 est:
970 1037 1076 1126 qualis
1099 1039 1179 1121 vita,
1203 1039 1278 1105 talis
1302 1041 1415 1106 oratio.

347 1145 396 1203 74.
418 1140 540 1224 Magna
560 1159 613 1206 res
637 1151 684 1205 est
706 1141 796 1204 vocis
820 1149 852 1204 et
875 1139 1000 1205 silentii
1021 1149 1322 1226 temperamentum.

350 1247 400 1305 75.
423 1240 490 1322 Qui
512 1261 616 1328 aequo
638 1243 747 1306 animo
769 1240 864 1306 malis
886 1241 1099 1324 immiscetur,
1122 1241 1226 1307 malus
1249 1252 1307 1309 est.

348 1350 395 1407 76.
419 1341 591 1407 Neminem
625 1344 689 1409 cito
720 1342 924 1426 laudaveris,
958 1344 1121 1406 neminem
1153 1344 1218 1410 cito
1247 1345 1472 1410 accusaveris:

424 1465 551 1532 semper
572 1454 652 1532 puta
673 1454 706 1510 te
729 1467 837 1510 coram
860 1445 924 1511 diis
947 1445 1171 1510 testimonium
1192 1446 1312 1512 dicere.

262 1613 267 1618 ,
348 1554 395 1611 77.
420 1546 547 1611 Vitium
570 1557 621 1612 est
643 1548 751 1612 omnia
773 1545 916 1630 credere,
940 1548 1059 1612 vitium
1081 1547 1235 1612 estnihil
1257 1548 1400 1613 credere.

347 1655 397 1712 78.
421 1647 590 1713 Utendum
613 1658 663 1714 est
681 1645 824 1731 divitiis,
840 1671 914 1714 non
935 1649 1146 1714 abutendum.

346 1756 411 1815 78⁸.
423 1749 478 1815 Sic
500 1750 588 1833 vive,
611 1760 649 1815 ut
670 1772 730 1814 nec
752 1772 773 1814 a
788 1750 1011 1837 superioribus
1033 1753 1263 1834 contemnaris,
1284 1772 1345 1816 nec
1359 1750 1401 1816 ab
1416 1752 1467 1814 in·

423 1850 599 1918 ferioribus
621 1852 777 1917 timearis.

348 1959 398 2018 79.
423 1950 558 2020 Nullum
580 1955 748 2041 putaveris
771 1954 877 2019 locum
900 1955 970 2019 sinc
992 1963 1085 2020 teste.

233 2093 240 2117 1
347 2061 396 2120 80.
420 2053 677 2122 Excusationem
705 2057 796 2123 vitiis
826 2058 894 2122 suis
920 2077 1075 2145 quaerere
1098 2065 1147 2120 est
1169 2057 1277 2121 omnia
1300 2055 1360 2124 deo
1382 2056 1471 2121 dele-

420 2178 509 2242 gare.

348 2258 544 2324 80⁸.Datam
573 2260 676 2324 vitam
704 2260 992 2347 quotienscumque
1015 2259 1237 2344 dubitaveris,
1267 2281 1309 2324 an
1337 2261 1380 2325 sit
1408 2260 1472 2323 eri-

420 2359 552 2447 pienda,
576 2365 632 2446 **,
655 2363 808 2448 quoniam
823 2360 901 2426 data
924 2362 1007 2449 eripi
1028 2370 1146 2448 potest,
1171 2356 1282 2450 erepta
1296 2360 1391 2427 reddi
1405 2382 1473 2426 non

422 2470 540 2549 potest.

321 2718 453 2798 μέμνησο
469 2718 520 2780 καὶ
536 2713 606 2793 δοὺς
621 2715 777 2784 ἐπιλάθου.
852 2725 891 2784 68
914 2726 1053 2783 inhonesti
1067 2729 1183 2783 codices
1259 2725 1308 2784 70.
1333 2726 1370 2783 71
1396 2726 1471 2783 Sen-

325 2814 440 2867 tentiam
463 2814 640 2868 restituimus
660 2812 700 2867 cd
717 2813 802 2883 fidem
824 2813 933 2869 codicis
952 2811 993 2875 Ρ,·
1017 2812 1057 2884 G,
1080 2811 1150 2868 Set
1172 2813 1297 2869 editores
1316 2809 1471 2867 inimicitias

324 2894 403 2952 tarde
419 2897 537 2969 suscipe,
552 2896 679 2952 amicitias
695 2894 834 2952 moderate
850 2911 955 2952 exerce.
1000 2895 1136 2951 Vanitates
1152 2895 1275 2952 similiter
1290 2894 1404 2970 depone.

324 2979 374 3036 79.
400 2979 450 3040 73.
473 2981 600 3038 Plenius,
613 2983 676 3039 cod.
698 2980 738 3045 P;
759 2980 951 3055 Imago'animi
978 2996 1066 3036 sermo
1091 2988 1148 3052 est,
1177 2980 1249 3037 unde
1269 2980 1314 3037 ilia
1334 2980 1471 3036 Socratica

325 3081 386 3136 vor,
404 3065 490 3138 qualis
507 3067 610 3138 oratio,
626 3066 686 3122 telis
702 3067 806 3121 etrite.
853 3065 921 3122 Sen.
938 3069 1020 3138 epist.
1039 3064 1115 3137 114,
1134 3066 1150 3121 1
1167 3064 1253 3140 ‘quod
1268 3063 1337 3139 apud
1353 3063 1471 3125 Graecos

321 3150 350 3205 in
365 3149 537 3222 proverbium
553 3151 651 3223 cessit,
674 3149 736 3207 talis
752 3149 907 3206 hominihus
922 3149 974 3205 init
989 3151 1093 3223 oratio,
1109 3150 1196 3224 qualis
1211 3151 1286 3206 vita’.
1317 3153 1398 3222 epist.
1417 3148 1470 3222 75,

322 3232 342 3289 4
363 3232 528 3291 ‘Concordet
549 3251 638 3292 sermo
659 3252 720 3292 cum
740 3236 818 3290 vita'.
841 3251 885 3307 cp.
904 3234 960 3308 20,
978 3233 995 3289 2
1020 3231 1091 3291 ‘Non
1107 3236 1223 3291 orationi
1239 3236 1291 3292 vita
1306 3234 1471 3290 dissentint'.

272 3356 276 3363 -
323 3318 421 3376 Schoi.
437 3320 573 3394 Hermop.
594 3319 694 3377 V534
717 3321 810 3377 Wolz.
826 3303 842 3374 ὃ
858 3309 1021 3394 Σωκράτης
1035 3313 1136 3375 εἰώθει
1151 3313 1263 3394 λέγειν,
1285 3308 1347 3386 οἷος
1362 3305 1377 3374 ὁ
1392 3314 1470 3394 βίος,

320 3399 454 3472 τοιοῦτος
469 3389 485 3458 ὁ
501 3398 596 3478 λόγος.
626 3405 683 3462 Cic.
703 3405 788 3462 Tusc.
806 3404 836 3476 5,
854 3403 903 3476 16,
919 3403 971 3475 47,
988 3404 1075 3462 Solon
1091 3422 1139 3475 cp.
1156 3405 1238 3480 Diop.
1254 3404 1352 3461 laert.
1371 3404 1400 3475 1,
1416 3403 1470 3475 58,

321 3488 492 3546 leutschius
507 3492 547 3546 od
559 3492 736 3561 Apostolium
753 3489 804 3562 12,
819 3488 859 3545 42
876 3506 902 3546 c.
990 3483 1057 3565 viia]
1074 3491 1115 3545 vir
1130 3492 1221 3565 vulpe,
1239 3493 1323 3546 etiam
1340 3489 1362 3545 G
1378 3488 1401 3545 S

323 3572 363 3630 74
394 3575 562 3632 Vincentius
576 3576 687 3632 Bellon.
709 3591 788 3648 spec.
804 3593 875 3631 mor.
892 3573 922 3646 3,
939 3574 968 3647 1,
984 3573 1003 3630 4
1025 3572 1150 3642 ‘Quidam
1169 3573 1365 3648 philosophus:
1387 3571 1470 3629 Serva

322 3660 394 3714 vocis
410 3666 438 3715 et
453 3659 554 3716 silentii
570 3667 826 3734 temperamentum
850 3666 877 3716 et
892 3661 915 3714 si
929 3659 1005 3732 loqui
1021 3658 1146 3730 libuerit,
1162 3660 1200 3716 sic
1216 3657 1346 3732 loquaris,
1362 3664 1393 3713 ut
1407 3657 1469 3714 aliis

321 3742 450 3799 libentius
466 3744 593 3800 audieris’
617 3741 668 3818 (cf.
685 3761 777 3816 supra
794 3745 812 3816 S
829 3744 869 3816 9).
957 3744 996 3802 76
1019 3745 1131 3818 semper
1142 3752 1195 3800 eto.
1216 3761 1269 3801 cm.
1292 3745 1372 3800 codd.
1388 3758 1468 3799 rece.

322 3834 350 3884 et
365 3829 443 3884 editt.
544 3846 634 3885 coram
649 3829 700 3886 diis
716 3832 834 3887 Haase.-
854 3841 914 3886 cnm
931 3829 1050 3886 hisGS
1150 3828 1187 3885 77
1212 3828 1279 3884 Sen.
1296 3831 1377 3901 epist.
1395 3827 1469 3899 3,4

322 3908 485 3988 ‘Utrumque
506 3914 598 3970 vitium
620 3922 710 3971 estet
732 3909 856 3970 omnibus
878 3913 989 3972 credere
1010 3923 1037 3970 ct
1057 3913 1145 3969 nulli'.
1233 3912 1287 3970 78ι
1310 3919 1363 3971 o'm.
1384 3915 1469 3970 codd.

320 4015 400 4056 rece.
418 4005 446 4056 et
460 4000 539 4056 editt.
556 4000 665 4057 Auson.
689 3999 749 4056 VII
760 3996 832 4071 Sap.
850 4000 880 4071 6,
898 4000 914 4056 1
1002 3998 1045 4055 Sic
1067 4000 1124 4055 vive
1143 4005 1173 4054 ui
1187 4001 1288 4071 recepi
1301 4015 1340 4056 erc
1354 3998 1415 4055 PS:
1436 4007 1470 4054 ut

322 4084 345 4142 G
411 4100 462 4141 nec
476 4101 490 4140 a
506 4085 663 4143 Erasmus:
686 4102 720 4140 ne
741 4102 756 4140 a
776 4087 844 4142 iibri
928 4084 977 4142 80
991 4086 1174 4157 Refinnimus
1195 4099 1234 4141 ec
1255 4086 1317 4141 cod.
1334 4083 1367 4139 P.
1413 4082 1472 4151 Qui

320 4185 352 4226 sc
365 4169 431 4242 fato
448 4172 595 4242 adprecor
608 4170 748 4243 facinora
765 4177 897 4229 coactum
913 4185 975 4226 esse
990 4172 1069 4243 dicit,
1085 4173 1178 4227 omnic
1193 4172 1246 4227 dcc
1261 4172 1392 4240 imputat,
1408 4171 1426 4224 i.
1440 4186 1467 4226 e.

321 4271 430 4312 omnem
445 4258 561 4327 culpem
576 4259 606 4312 in
620 4257 705 4314 deum
720 4256 845 4328 confert.
881 4255 918 4313 In
935 4259 1040 4313 ceteris
1054 4256 1200 4312 codicibus
1212 4253 1342 4327 fortasse
1357 4256 1470 4311 rectius

321 4343 364 4397 sic
387 4340 455 4412 fere
480 4345 621 4413 scriptum
643 4348 702 4399 cst:
729 4339 936 4398 Excusationem
958 4356 1089 4415 quaerere
1110 4340 1205 4396 vitium
1226 4345 1277 4395 est.
1322 4337 1415 4395 Omnia
1434 4339 1471 4396 ad

320 4424 400 4481 deum
422 4425 561 4500 relinque,
582 4429 640 4483 nisi
657 4429 734 4500 quod
749 4433 817 4499 post
836 4435 879 4483 est
889 4441 948 4498 per
962 4426 1185 4500 dittoprapiriom
1201 4425 1311 4482 addunt
1325 4431 1376 4480 set.
1423 4423 1471 4498 Cf.

321 4510 406 4568 Secti
418 4517 492 4568 sent.
508 4509 569 4568 374
585 4507 708 4568 ‘Omnem
723 4529 830 4569 causam
844 4510 918 4568 reier
933 4511 965 4567 ad
981 4510 1084 4569 deuin’.
1142 4510 1198 4568 80³
1221 4528 1277 4568 om·
1289 4511 1372 4567 codd.
1388 4525 1470 4568 recc.
