3252 5180
608 443 881 535 eaounaounun.
1274 431 1315 498 55

212 602 322 664 Nullas
344 608 384 664 est
405 607 466 663 tam
487 599 604 684 tctm*)
628 609 773 678 camdus,
796 623 885 678 quum
906 575 982 680 qaod
1002 606 1110 666 habeas
1125 624 1257 680 parcere.

166 732 294 800 Similis
323 742 373 797 est
401 733 740 818 emendationem,
770 734 827 799 ubi
855 717 898 800 ex
920 734 1087 801 codicibus
1110 738 1314 824 reposuimus

165 838 312 902 misereri
333 858 391 920 pro
414 858 451 902 eo
474 837 562 924 quod
584 837 620 900 in
642 823 841 902 editionibus
865 838 1172 919 circumferebatur,
1195 841 1312 905 miseri.

256 939 383 1003 Passim
412 938 657 1025 pronominibus
687 941 830 1022 pabonis
852 949 884 1003 et
906 941 1062 1022 quidquid
1088 939 1214 1012 librarii
1240 941 1315 1005 sub·

167 1041 347 1105 stituerunt
369 1042 440 1122 quis
462 1048 494 1103 et
516 1043 608 1122 quid,
633 1038 686 1103 vel
709 1041 765 1105 ubi
789 1043 950 1106 sententia
972 1061 1106 1128 poscere
1129 1041 1314 1124 videbatur,

169 1146 228 1225 qui
251 1151 282 1206 et
303 1143 394 1224 qaod.
439 1140 600 1228 Exemplo
622 1143 688 1206 sint
711 1164 826 1206 versus
850 1142 870 1205 9
892 1152 924 1207 et
945 1143 1018 1223 379,
1041 1142 1100 1207 ubi
1123 1143 1209 1230 quod
1232 1144 1266 1207 in
1284 1143 1320 1207 F

164 1245 325 1310 traditum
347 1252 407 1324 est,
431 1245 522 1326 quod,
545 1265 606 1306 nec
628 1245 791 1308 senarium
815 1227 926 1332 e'xplet
941 1253 973 1308 et
988 1242 1146 1307 facillima
1163 1245 1311 1310 emenda-

165 1349 226 1428 tio,
248 1355 286 1411 ut
301 1344 463 1410 scribatur
477 1347 639 1428 quidquid,
656 1344 892 1412 vetustioribus
909 1344 1077 1412 codicibus
1094 1347 1311 1412 confirmetur.

167 1448 281 1529 Quare
304 1449 340 1511 in
361 1448 402 1511 iis
426 1469 553 1535 quoque
576 1449 769 1530 sententiis,¹
782 1470 864 1535 quae
879 1449 914 1512 in
928 1447 997 1512 solo
1013 1447 1048 1510 F
1060 1457 1209 1512 servatae
1225 1460 1311 1530 sunt,

157 1550 257 1637 idem
279 1549 353 1614 vitii
375 1570 478 1634 genus
502 1549 706 1637 subrepsisse
728 1552 870 1614 maxime
893 1551 964 1613 veri
987 1548 1093 1614 simile
1116 1558 1176 1615 est.
1197 1543 1313 1635 'Equi-

166 1653 244 1716 dem
267 1660 354 1715 ccrte
376 1652 411 1716 in
433 1653 604 1717 sententiis
627 1649 847 1737 generalibus,
871 1650 982 1738 quales
1006 1660 1081 1715 sunt
1096 1649 1312 1734 Publilianae‚
1394 1673 1396 1683 ’

165 1754 224 1818 ubi
252 1753 439 1839 pronomini
466 1751 604 1817 relativo
628 1753 740 1818 deesse
761 1776 860 1817 unam
882 1752 1044 1840 syllabam
1066 1761 1172 1840 patet,
1202 1751 1312 1816 malim

166 1855 330 1939 corrigere
350 1857 499 1937 quicquic,
524 1877 620 1941 quam
636 1855 722 1942 quod
737 1853 795 1920 alii
809 1854 1055 1938 adamaverunt,
1080 1857 1188 1937 isqui.
1223 1853 1312 1940 Ergo

145 1959 147 1964 ’
166 1959 202 2021 in
225 1981 257 2022 v.
282 1958 343 2022 618

414 2064 516 2126 Socios
536 2069 570 2138 bc
592 2068 701 2140 calpae,
724 2067 774 2138 qut
795 2071 942 2126 caecatam
963 2067 1046 2134 levat,

166 2211 239 2277 coll.
263 2235 295 2288 u.
317 2212 379 2275 471
409 2211 538 2276 facilius
567 2214 644 2294 erit,
674 2215 816 2295 quisquis
845 2211 1016 2276 emendare
1045 2234 1142 2299 quam
1163 2212 1310 2278 sublevat.

166 2315 403 2380 Accusativum
430 2322 555 2395 tamen,
583 2336 778 2397 quemquem,
807 2337 879 2378 raro
907 2314 1082 2378 admodum
1109 2322 1301 2400 usurpatum

165 2441 232 2483 non
253 2418 324 2481 ausi
348 2439 458 2480 sumus
481 2417 654 2480 restituere
676 2439 708 2480 v.
725 2417 797 2481 366.
843 2415 895 2481 Of.
917 2426 1086 2505 praeterea
1107 2440 1140 2481 v.
1163 2413 1311 2493 82:155,

169 2520 240 2584 174.
264 2519 336 2582 200.
360 2518 433 2582 380.

252 2619 359 2684 Unam
387 2618 528 2706 denique
554 2621 749 2684 emendandi
772 2621 860 2684 viam
882 2621 1023 2686 editores
1048 2622 1110 2686 sibi
1133 2621 1197 2708 ipsi
1219 2642 1310 2708 prae-

164 2722 342 2789 cluserunt.
387 2722 469 2786 (lum
499 2724 584 2786 enim
612 2721 787 2787 multarum
813 2723 1068 2810 corruptelarum
1091 2725 1182 2808 origo
1206 2724 1310 2787 exiis

164 2823 344 2912 repetenda
366 2825 420 2905 sit,
444 2845 526 2908 quae
548 2825 583 2886 in
605 2810 771 2889 codicibus
794 2832 850 2889 aut
872 2827 1022 2912 proxime
1042 2825 1240 2889 antecedunt
1254 2835 1311 2890 aut

166 2927 423 3012 subsequuntur,
454 2926 530 3010 quia
558 2924 654 2988 facile
683 2925 766 2988 oculi
789 2948 808 2988 a
830 2928 938 3014 priore
967 2949 1065 2990 versu
1086 2926 1129 2990 ad
1152 2929 1309 3014 posterio-

164 3052 233 3093 rem
261 3027 414 3092 aberrant
441 3025 496 3090 vel
524 3027 684 3093 contrario
713 3025 808 3092 modo
831 3050 850 3091 a
872 3026 1013 3093 librariis
1042 3039 1211 3116 peccatur,
1241 3052 1307 3092 ma·
1373 3097 1378 3110 Ι

161 3133 294 3196 luerunt
315 3129 363 3193 illi
386 3129 620 3194 sententiarum
642 3127 805 3210 ordinem,
830 3153 893 3216 quo
915 3133 950 3195 in
972 3129 1141 3196 codicibus
1164 3153 1198 3194 se
1222 3132 1308 3194 exci-

163 3237 269 3322 piunt,
293 3254 351 3296 suo
373 3217 509 3295 arbitrio
531 3231 707 3294 invertere.
752 3231 804 3296 Ita
826 3254 859 3295 v.
882 3232 944 3298 529

391 3375 448 3448 Qui
469 3374 564 3433 obesse
585 3392 651 3432 cura
666 3379 769 3446 potest,
791 3393 853 3434 acu
874 3377 943 3444 cult,
960 3376 1079 3450 prodat

162 3505 328 3569 senarium
355 3502 506 3568 claudum
534 3525 628 3567 nemo
650 3503 757 3570 adhuc
779 3505 843 3568 nisi
865 3502 1053 3569 fortissimis
1076 3505 1229 3568 remediis
1251 3506 1306 3570 ad·

149 3608 277 3671 ‘hibitis
300 3606 519 3685 resuscitavit,
541 3605 670 3690 iamque
691 3605 732 3668 de
747 3605 892 3671 sanando
908 3604 1114 3687 diffidebant,
1139 3629 1212 3670 cum
1228 3607 1317 3671 Hal·

161 3709 246 3774 mius
275 3709 311 3770 in
340 3707 453 3770 codice
475 3706 510 3769 F
533 3707 715 3793 proximam
742 3708 937 3771 sententiam
964 3708 1223 3794 in‘praenomen
1251 3712 1308 3802 lc'bp'

162 3811 313 3874 desinere
340 3806 575 3872 animadvertit
602 3830 704 3895 eoque
732 3807 889 3874 vocabulo
912 3808 1025 3874 addito
1048 3833 1179 3875 versum
1202 3811 1236 3875 in
1258 3814 1306 3875 in-

161 3923 290 3996 tegrum
313 3911 467 3975 restituit.
511 3909 552 3974 V.
568 3911 629 3973 491
653 3909 694 3972 de
716 3913 875 3997 corruptis
891 3910 1002 3976 verbis
1012 3918 1114 3995 potest
1125 3915 1210 3978 altas
1224 3913 1306 3976 nihil

162 4015 244 4078 certi
267 4021 394 4077 constat
415 4013 480 4076 nisi
501 4011 572 4094 hoc,
595 4021 707 4090 natum
731 4033 802 4077 esse
823 4014 942 4078 vitium
965 4036 1006 4077 ex
1027 4037 1058 4082 v.
1073 4015 1138 4079 492
1154 4017 1307 4098 prudenti

160 4118 273 4181 sbcllas
295 4120 347 4180 etc.
372 4123 579 4201 etquattuor
604 4123 731 4178 tantum
751 4114 869 4180 litteris
893 4116 991 4202 (pote)
1015 4139 1072 4203 pro
1095 4115 1305 4182 fundamento

161 4216 396 4281 emendationis
418 4215 541 4281 relictis
565 4226 672 4280 cetera
694 4219 897 4282 coniecturae
919 4228 1040 4305 patere.
1085 4218 1127 4282 V.
1149 4219 1222 4282 440.

229 4405 256 4469 *t
275 4408 407 4457 Fortasse
425 4407 552 4472 praestat
569 4409 626 4458 tarn
643 4409 741 4469 certae,
760 4407 820 4458 coll.
839 4407 911 4460 Plin.
928 4424 956 4461 n.
976 4408 1002 4458 h.
1022 4411 1061 4471 18,
1080 4411 1140 4470 §29
1159 4408 1242 4460 ‘Cato
1261 4410 1303 4458 in·
1406 4417 1408 4424 “

160 4496 319 4557 terrogatus
337 4492 398 4559 quis
418 4496 493 4544 esset
511 4493 680 4544 certissimus
700 4499 840 4560 quaestus,
859 4493 1012 4560 respondit;
1031 4495 1056 4547 si
1074 4492 1145 4548 beue
1163 4501 1285 4565 pescas'.
