3252 5180
324 441 365 505 56
736 431 739 449 “
760 461 1033 537 ruopuooueur.

455 617 479 676 0
500 621 580 679 drtce
601 626 784 690 tormentum,
806 639 896 694 ecquo
917 623 969 681 ubi
989 624 1158 695 reprimitur
1176 623 1319 698 parcitura

327 750 467 816 editores
496 750 681 815 inversione
708 752 841 814 minime
869 749 1053 815 Publiliana
1081 753 1297 835 (Tormeaturu
1325 755 1466 839 odrice)

326 861 428 916 metro
457 849 706 934 consuluerunt,
734 854 841 938 ignari
869 873 983 916 vocem
1011 875 1109 935 aequo
1135 861 1176 918 ex
1199 876 1297 919 versu
1319 856 1468 940 sequenti

326 951 410 1016 male
438 951 502 1016 h'uc
528 962 702 1018 retractam
731 976 819 1037 esse,
849 975 912 1040 qua
935 953 1041 1018 deleta
1063 956 1225 1019 senarium
1247 957 1282 1018 in
1303 958 1468 1041 integrum

324 1055 507 1119 restituisse
529 1054 610 1118 mihi
631 1055 756 1120 videor.
1211 1057 1214 1088 ¹

410 1155 443 1243 2)
466 1157 521 1221 Ad
543 1157 768 1244 prosodiam
795 1170 831 1222 ut
853 1168 1071 1241 transeamus,
1102 1181 1206 1247 pauca
1230 1163 1370 1247 primum
1399 1183 1467 1226 mo-

326 1259 435 1322 nenda
463 1269 538 1324 sunt
566 1259 606 1323 de
629 1259 791 1324 vocalium
814 1261 1004 1346 quantitate.
1048 1261 1093 1325 Et
1121 1262 1155 1324 in
1177 1263 1313 1349 perfecti
1335 1261 1468 1348 quidem

327 1383 465 1448 persona
493 1363 590 1425 tertia
618 1359 702 1448 plur.
726 1364 782 1447 (-—
804 1363 909 1448 eruut)
933 1384 948 1426 e
975 1363 1094 1449 corripi
1113 1385 1219 1449 ,posse
1246 1365 1306 1428 vix
1333 1363 1469 1428 dubium

326 1462 451 1526 faciunt
478 1484 510 1524 v.
540 1462 582 1527 90
609 1463 767 1548 (adtraat)
803 1473 834 1527 et
863 1463 1013 1549 exempla
1043 1463 1166 1552 aliquot
1193 1465 1382 1550 Vergiliana
1411 1466 1467 1548 (cf.

328 1563 500 1648 Forbigeri
528 1563 637 1629 adnot.
666 1564 708 1627 ad
731 1566 829 1650 Verg.
853 1564 968 1650 Eclog.
990 1567 1027 1646 4,
1051 1566 1124 1649 61),
1152 1567 1199 1630 ita
1220 1576 1257 1631 ut
1278 1591 1310 1634 v.
1333 1568 1396 1632 555
1418 1553 1467 1632 dd-

325 1667 501 1748 fertdirrrrrt,
525 1688 557 1728 v:
581 1666 643 1730 609
666 1668 860 1732 aestuarunt
885 1689 905 1730 a
927 1667 1080 1754 prosodia
1102 1669 1288 1754 impugnari
1309 1691 1373 1733 non
1393 1692 1467 1755 pos-

328 1769 404 1834 sint.
447 1767 588 1832 Altcrr'rts
622 1767 678 1851 (cf.
707 1767 880 1832 Ritschelii
914 1791 1024 1854 opusc.
1052 1770 1088 1851 2,
1111 1770 1174 1834 662
1201 1768 1287 1856 sqq.)
1317 1780 1469 1855 quattuor

327 1869 408 1934 locis
431 1870 587 1951 occurrit5
610 1891 642 1932 v.
665 1869 738 1933 297.
761 1871 835 1934 372.
857 1870 919 1934 543
943 1881 1091 1958 correpta
1112 1875 1138 1950 i,
1162 1881 1199 1935 ut
1220 1895 1252 1935 v.
1275 1871 1319 1937 50
1340 1895 1468 1958 quoque

329 1974 462 2034 eandem
485 1991 555 2033 esse
576 1969 698 2035 vocalis
713 1959 927 2057 quantitatem
947 1972 1018 2037 iure
1040 1982 1174 2037 statuas.
1195 2005 1197 2012 ·
1221 1975 1300 2052 Tibi,
1324 1976 1392 2052 sibi,
1414 1976 1468 2052 tbi,

328 2074 397 2152 att,
421 2070 591 2154 ultimam,
609 2095 705 2160 quam
727 2075 931 2157 grammatici
954 2075 1129 2161 ancrpitem
1153 2096 1223 2139 esse
1246 2076 1374 2158 docent,
1397 2074 1468 2139 ubi-

329 2196 391 2261 que
416 2173 551 2238 brevem
573 2174 710 2257 habent,
741 2197 803 2262 quo
832 2175 1007 2240 concidunt
1028 2175 1203 2240 nonnullae
1226 2179 1429 2242 coniecturae
1450 2200 1470 2240 a

328 2278 410 2340 uiris
433 2276 535 2341 doctis
559 2276 716 2363 prolatae.
758 2277 885 2342 Pariter
907 2281 965 2343 etto
987 2279 1051 2343 nisi
1072 2278 1165 2342 brevi
1181 2277 1295 2343 ultima
1309 2301 1374 2342 non
1390 2277 1468 2363 legi-

328 2390 396 2462 tur,
431 2378 518 2442 unde
545 2377 664 2443 falsam
692 2402 762 2444 esse
798 2379 939 2443 efficitur
967 2380 1097 2445 Erasmi
1130 2387 1345 2445 coniecturam
1371 2380 1414 2444 ad
1436 2402 1469 2442 v.

208 2571 214 2578 .
328 2481 391 2546 380
412 2481 621 2568 propositam.
666 2481 717 2546 Of.
740 2491 906 2568 praeterea
927 2481 970 2544 ad
992 2503 1024 2545 v.
1049 2482 1099 2546 91.
1122 2483 1195 2546 469.
1218 2482 1291 2547 656.

415 2583 467 2646 De
489 2580 625 2668 syllabis
653 2584 814 2669 positione
842 2582 948 2668 longis
975 2585 1139 2648 monuisse
1162 2584 1303 2649 sufficiat
1324 2583 1470 2648 vocalem

272 2677 281 2684 ”
330 2685 463 2749 brevem
486 2684 696 2769 sequentibus
718 2683 835 2748 litteris
854 2706 897 2768 yrr
920 2684 1106 2772 produeir),
1130 2685 1249 2771 corripi
1270 2695 1378 2750 autem
1395 2695 1471 2750 ante
1569 2749 1570 2752 ,
1609 2653 1610 2664 l

330 2809 364 2850 cr
386 2794 419 2849 et
440 2790 478 2849 tr.
524 2784 612 2848 Hinc
640 2796 787 2873 apparet¹
803 2781 887 2850 falso
909 2786 1040 2850 dedisse
1061 2786 1218 2851 Bothium
1239 2809 1271 2850 v.
1294 2788 1356 2851 358
1379 2789 1471 2852 lucri·

330 2891 404 2968 urie,
434 2897 521 2951 recte
549 2887 725 2952 Gruterum
752 2911 784 2951 v.
808 2889 870 2953 353
899 2889 1046 2952 meritria
1074 2898 1105 2951 et
1133 2909 1216 2974 quae
1244 2897 1319 2953 sunt
1341 2889 1470 2953 similia.

330 2989 421 3054 Haec
445 2999 476 3054 et
498 2989 533 3052 id
555 3011 663 3074 genus
680 2989 754 3073 alia,
777 2989 881 3053 veluti
903 2990 1064 3076 synizesis
1080 3001 1112 3054 et
1134 3012 1295 3077 syncopae
1311 2989 1470 3076 exempla,

331 3093 385 3156 cui
414 3090 607 3176 singillatim
629 3093 778 3177 persequi
800 3090 949 3169 libuerit,
977 3091 1204 3178 percommode
1226 3091 1333 3155 indice
1355 3081 1471 3156 verbo-

330 3216 403 3258 rum
423 3195 473 3257 uti
495 3194 631 3280 poterit,
655 3215 751 3280 quem
774 3192 910 3262 editioni
931 3201 1061 3257 nostrae
1083 3192 1322 3258 subiunximus.
1353 3184 1472 3274 'Facili
1540 3203 1544 3206 '

330 3296 462 3381 negotio
485 3295 632 3358 inveniet
646 3293 825 3360 Publilium
847 3295 968 3380 ubique
990 3317 1084 3359 usum
1108 3317 1179 3359 esse
1194 3296 1298 3360 forma
1306 3297 1470 3378 periclum,

332 3395 433 3463 Gellii
456 3406 488 3461 et
510 3397 706 3483 optimorum
727 3395 876 3461 codicum
896 3397 1088 3461 auctoritate
1111 3397 1309 3479 confirmata,
1332 3396 1472 3481 ideoque

331 3502 444 3586 utique
476 3496 699 3585 recipiendam
733 3497 837 3562 fuisse
870 3497 1048 3562 Ribbeckii
1086 3499 1305 3563 coniecturam
1332 3520 1365 3576 y.
1392 3496 1471 3579 6253

310 3600 470 3684 *videbit
486 3579 555 3665 „etsi
578 3601 613 3664 in
627 3599 791 3686 plerisque
807 3598 974 3664 codicibus
991 3601 1147 3686 scriptum
1163 3601 1316 3678 estnihil,
1341 3599 1472 3662 restitui

308 3697 441 3796 ¹'tamen
469 3701 622 3767 debuisse
644 3703 692 3766 rtr'l
718 3700 773 3766 vel
794 3701 926 3766 iubente
949 3703 1149 3766 senariorum
1170 3699 1243 3786 lege
1265 3699 1318 3764 vel
1340 3709 1473 3788 propter

331 3805 429 3868 metri
452 3803 658 3888 elegantiam,
681 3826 713 3866 v.
737 3804 766 3868 6.
792 3812 823 3867 et
845 3803 919 3886 239,
942 3825 984 3866 ne
1005 3805 1040 3866 in
1062 3801 1211 3866 versibus
1234 3800 1383 3866 iambicis
1406 3810 1472 3865 tres

325 3911 529 3992 ‘quattuorve
551 3905 675 3991 dactyli
691 3914 928 3970 concurrerent.
973 3903 1081 3969 Simili
1096 3904 1136 3966 de
1153 3925 1250 3967 causa
1264 3926 1297 3970 v.
1314 3903 1354 3968 72
1369 3903 1473 3969 forma

332 4010 411 4088 uisi,
441 4027 524 4094 quae
545 4005 687 4070 librariis
714 4009 820 4092 magis
842 4016 919 4071 nota
941 4009 975 4070 in
998 4003 1166 4069 codicibus
1188 4003 1387 4093 praevaluit,
1416 4027 1472 4068 ex-

332 4107 538 4206 terminanda
559 4107 623 4173 fuit
643 4109 794 4174 restituta
815 4111 860 4188 ui,
884 4108 1063 4194 eademque
1078 4106 1204 4171 medela
1219 4106 1473 4173 commendanda

332 4216 368 4278 in
391 4238 421 4279 v.
444 4211 517 4277 427.

400 4418 427 4481 *)
445 4422 477 4472 V.
491 4421 541 4470 442
559 4423 674 4470 metrum
693 4391 843 4486 respuebat
861 4419 972 4469 facilem
991 4419 1192 4470 coniecturam:
1218 4414 1313 4471 Occidi
1326 4413 1473 4480 pulchrum

221 4501 223 4509 “
333 4505 380 4566 cst,
399 4501 446 4554 ubi
464 4501 619 4570 tyrrortr'ur'a
636 4501 747 4555 servius.
