3252 5180
331 484 374 553 50
762 499 1036 551 rnonsoonnnn.

331 658 411 722 haec
434 659 499 722 iam
520 655 578 720 alii
601 665 810 720 sanaverunt.
854 657 949 721 Nova
968 655 1187 720 nanciscimur
1202 674 1244 714 ex
1259 651 1385 716 duobus
1408 647 1477 713 ad·

332 760 411 824 diti
439 758 688 845 pronominis
711 755 881 823 relativi
909 757 1085 844 exemplis,
1115 755 1157 818 de
1179 753 1398 841 quibusvide
1419 750 1477 814 ad-

330 862 531 926 notationem
552 860 595 924 ad
617 883 650 924 v.
672 860 735 926 423
758 869 790 923 et
811 861 885 925 483.
931 859 1023 942 Quid
1052 861 1138 922 enim
1165 856 1256 921 aliud
1284 855 1385 920 latere
1413 852 1478 916 tibi

261 987 264 994 ’
330 963 527 1050 persuadeas
550 986 583 1026 v.
605 964 666 1028 547
1513 965 1517 972 '

485 1089 580 1164 Quam
601 1093 641 1146 est
662 1087 732 1158 fetis
753 1090 822 1156 cita,
845 1106 918 1160 qaae
939 1091 1002 1146 siae
1022 1090 1145 1162 negotiis
1165 1086 1282 1151 transit,

331 1219 396 1283 nisi
417 1218 495 1284 hoc:

577 1310 673 1385 Quam
693 1310 763 1381 felia
784 1312 844 1368 vita
867 1312 974 1368 transit
994 1312 1057 1368 siae
1078 1309 1223 1383 negotiis?

332 1435 525 1504 Pari‘modo
547 1440 583 1502 in
604 1461 703 1503 versu
726 1440 797 1522 132,
821 1438 877 1525 qui
899 1438 1025 1503 tamdiu
1046 1437 1187 1503 editores
1209 1429 1356 1520 vexavit,

482 1582 713 1640 Deliberaadam
734 1586 774 1639 cst
795 1582 937 1654 qaidqmd
957 1581 1145 1640 statuendam
1166 1581 1332 1648 1111111111,-

333 1712 420 1799 qnod
449 1710 621 1774 manifeste
649 1712 758 1793 deest,
786 1721 824 1775 ut
850 1710 971 1775 habeat
997 1712 1088 1776 scatet
1110 1711 1163 1774 cui
1185 1719 1381 1797 opponatur,
1412 1731 1477 1772 non

332 1824 381 1878 est
403 1815 459 1877 dia
481 1835 523 1876 ex
537 1812 713 1877 Vincentio
735 1811 917 1896 inductum,
942 1813 1000 1877 sed
1021 1833 1113 1896 saepe
1134 1813 1170 1876 in
1186 1811 1255 1875 solo
1271 1811 1476 1894 Frisingensi

331 1925 514 1998 servatum3
537 1915 603 1977 iam
625 1913 783 1977 adverbio
806 1937 864 1979 suo
887 1913 956 1980 loco
979 1915 1122 2003 reposito
1137 1912 1329 1977 facillimum
1343 1907 1405 1976 drit
1421 1912 1477 1974 de-

332 2016 396 2080 leto
418 2009 608 2102 pronomine
631 2014 789 2078 scribere:

482 2141 713 2198 Delibecaadam
735 2144 775 2197 cst
796 2157 889 2213 sacac,
911 2142 1098 2199 statuendam
1123 2135 1192 2220 (est)
1214 2142 1309 2198 semel.
1336 2108 1340 2116 ⁵

334 2271 450 2357 Neque
471 2269 535 2333 alio
558 2270 641 2334 vitio
663 2268 791 2334 laborat
812 2271 847 2333 in
870 2269 983 2334 codice
1005 2270 1040 2332 F
1059 2270 1219 2334 sententia
1241 2271 1318 2334 632:

487 2395 573 2454 Uaas
595 2397 655 2454 dics
671 2413 800 2468 poenam
822 2395 915 2466 affert,
938 2413 1028 2468 qaam
1048 2396 1133 2454 matti
1155 2397 1291 2469 capitana,

331 2523 472 2608 ἄμετρος
500 2536 531 2588 et
558 2525 600 2589 ab
629 2528 774 2590 oratione
807 2525 943 2608 vitiosa3
975 2547 1051 2588 nam
1081 2524 1256 2588 dicendum
1284 2534 1354 2589 erat
1382 2545 1479 2606 qaam

333 2628 425 2692 malti
446 2625 665 2710 cogitaverant.
712 2625 763 2690 Of.
787 2627 895 2690 varias
918 2625 1073 2690 lectiones
1096 2624 1139 2689 ad
1161 2648 1217 2690 vv.
1240 2627 1270 2691 5.
1293 2625 1344 2690 57.
1368 2626 1441 2690 234.

416 2728 596 2814 Egregium
618 2721 879 2814 interpolatidnis
909 2726 1094 2816 exemplum
1128 2728 1262 2814 praebet
1295 2727 1477 2790 futurum

338 2852 466 2918 quoque
494 2840 692 2911 exactum,
722 2830 808 2916 quod
836 2831 871 2893 in
893 2832 1063 2894 sententiis
1085 2828 1292 2915 generalibus
1315 2827 1478 2892 inlocum

335 2934 516 3020 praesentis
545 2933 719 2998 succedere
747 2931 801 2994 vel
829 2953 924 3018 posse
951 2931 1005 2996 vel
1033 2930 1149 2995 debere
1178 2933 1257 2998 satis
1282 2941 1394 2995 notum
1418 2942 1478 2996 est.

333 3033 372 3097 Id
395 3035 496 3119 igitur
518 3045 554 3098 ut
577 3031 746 3121 discipulis
769 3033 947 3098 inculcaret
970 3033 1040 3097 ludi
1061 3035 1226 3118 magister,
1250 3031 1367 3097 multos
1390 3032 1478 3126 locos

335 3137 491 3217 correxit,
514 3134 618 3199 veluti
640 3157 673 3200 v.
695 3134 758 3198 242
774 3128 949 3218 peccaverit
972 3136 1117 3220 (peccat),
1143 3136 1203 3199 179
1219 3137 1402 3217 perdiderit,
1420 3157 1477 3217 pc-

331 3240 410 3317 tccit,
434 3238 503 3301 213
516 3239 617 3318 faecis
639 3238 745 3300 doctas
767 3237 825 3322 (sis
847 3238 983 3325 doctas),
1006 3260 1099 3325 prov.
1118 3239 1133 3299 1
1157 3239 1276 3302 deridet
1297 3237 1477 3322 (deriserit).

332 3337 420 3402 Hinc
442 3340 619 3424 petivimus
643 3336 780 3402 duorum
798 3361 951 3403 versuum
974 3340 1187 3404 certissimam
1203 3338 1478 3402 emendationem:

389 3489 439 3538 241
462 3481 589 3540 Irritare
611 3485 652 3540 est
675 3483 877 3550 calamitatem
899 3499 965 3541 cani
986 3485 1012 3540 te
1032 3481 1143 3553 felicem
1164 3498 1243 3539 eaces
1267 3474 1450 3560 (vaccaeis),

389 3591 439 3640 409
463 3581 627 3644 Necessitas
649 3585 724 3657 qaod
740 3585 843 3658 poscit,
864 3586 924 3643 nist
945 3585 1002 3652 des,
1025 3585 1110 3656 1111111
1133 3578 1289 3661 (dederis):
1378 3654 1383 3666 Ι

332 3713 375 3775 ad
398 3712 486 3776 illam
509 3714 641 3801 quidem
664 3715 728 3777 iam
750 3715 899 3800 proxime
918 3715 1057 3777 accessit
1073 3714 1179 3778 editor
1193 3711 1476 3798 lngolstadiensis,

334 3816 399 3878 nisi
428 3815 514 3899 quod
542 3839 608 3881 non
636 3815 722 3880 vidit
749 3817 957 3881 coniunctivo
985 3838 1066 3902 opus
1091 3836 1163 3878 esse
1184 3817 1220 3879 in
1242 3815 1384 3878 secunda
1405 3835 1477 3899 per·
1599 3881 1604 3888 ,

334 3939 430 4000 1111111
457 3915 609 3982 hocloco
632 3939 673 3980 ne
696 3919 767 4004 quis
790 3918 992 4006 periclitetur
1012 3921 1049 3982 ai
1077 3919 1198 3983 dederis
1218 3919 1319 4000 rapit,
1346 3937 1477 3980 monen-

336 4017 413 4082 dum
438 4027 487 4083 est
509 4020 707 4107 respondere
730 4019 793 4083 sibi
816 4023 893 4086 dare
915 4030 947 4085 et
969 4023 1086 4102 calpae
1108 4043 1140 4083 v.
1163 4020 1226 4084 352
1248 4019 1368 4102 11536,
1390 4018 1477 4105 apud

333 4121 410 4187 Sall.
434 4121 507 4207 [ug.
533 4126 567 4204 1,
591 4124 628 4205 3,
653 4121 729 4186 Sen.
752 4124 851 4208 epist.
874 4123 931 4205 59,
957 4124 1012 4206 18,
1037 4123 1078 4186 de
1101 4131 1203 4187 const.
1227 4144 1294 4209 sap.
1318 4123 1354 4203 5,
1376 4122 1413 4204 4,
1436 4121 1477 4184 ad

331 4224 429 4289 Helv.
453 4228 484 4307 8,
506 4225 545 4288 4.’

412 4329 568 4415 Denique
590 4326 663 4414 plus
686 4350 750 4392 uno
772 4328 842 4394 loco
865 4329 900 4392 in
922 4330 1015 4416 peius
1038 4336 1197 4392 mutatum
1215 4326 1365 4392 videmus
1388 4348 1476 4390 ver-

305 4427 467 4502 ‚borum
500 4430 697 4514 ordinem,
732 4431 766 4494 in
795 4432 964 4495 Turioensi
994 4433 1028 4494 in
1055 4430 1168 4516 primis
1191 4453 1230 4494 11
1253 4430 1473 4514 Frisingensis

331 4542 423 4620 parte
446 4531 558 4618 altera,
582 4535 659 4596 item
682 4533 770 4621 apud
793 4535 1002 4602 Vincentium
1026 4535 1302 4602 Bellovacensem.
1338 4531 1476 4597 Minime
