3228 5184
441 522 547 570 utras
568 523 800 574 cuntramnus
821 525 1015 574 saoneres.
1130 585 1134 592 Ι
1236 511 1294 576 121

238 677 350 741 Bonus
372 673 473 741 iudex
496 675 629 741 damnat
651 677 876 764 improbanda,
899 700 965 743 non
986 677 1083 744 odit..

238 779 348 844 Bonus
371 777 473 843 iudex
495 787 555 860 est,
580 779 635 864 qui
657 779 750 844 novit
772 777 961 870 dispensare
984 781 1069 867 quod
1086 780 1230 847 dandum
1246 791 1296 847 est

763 889 795 947 et
818 891 988 969 quatenus.

242 981 419 1048 Calamitas
440 981 573 1047 virtutis
596 981 724 1047 occasio
747 991 806 1046 est.

240 1081 392 1149 Camelus
415 1084 549 1171 cupiens
572 1105 694 1148 cornua
714 1105 808 1148 aures
831 1083 987 1172 perdidit.

171 1193 214 1251 65
240 1185 347 1272 Caput
369 1186 440 1249 sine
462 1183 575 1270 lingua
597 1187 760 1251 sententia
781 1185 915 1273 pedaria
937 1194 997 1250 est.

240 1287 374 1372 Castiga
395 1287 534 1350 amioum
557 1285 750 1370 clanculum,
773 1286 871 1351 lauda
892 1286 1009 1374 palam.

239 1389 342 1454 Casus
366 1409 462 1474 quem
485 1409 582 1476 saepe
603 1390 732 1470 transit,
745 1388 934 1476 'aliquando
957 1389 1093 1455 invenit.

239 1489 328 1554 Cave
350 1487 443 1552 illum
467 1510 604 1576 semper,
628 1491 684 1576 qui
706 1489 768 1555 tibi
790 1491 946 1578 imposuit
968 1489 1079 1556 semel.

238 1591 314 1656 Cito
335 1591 498 1656 accusaris
520 1599 577 1656 aut
599 1591 742 1656 laudaris
765 1593 939 1656 neminem.
1052 1617 1057 1620 ·

175 1701 218 1758 70
240 1691 360 1758 Civilis
382 1689 461 1757 belli
483 1690 606 1757 oblivio
629 1692 776 1758 defensio
800 1702 859 1758 est.

239 1794 422 1860 Clementia
445 1802 494 1858 est
516 1792 633 1859 lenitas
656 1796 833 1882 superioris
855 1793 1013 1860 adversus
1035 1794 1235 1860 inferiorem.

239 1895 421 1962 Clementia
443 1904 493 1960 est
514 1897 731 1982 temperantia
751 1898 853 1961 animi
874 1899 910 1961 in
931 1905 1094 1984 potestate
1109 1897 1299 1962 ulciscendi.

239 1997 421 2063 Clementia
441 1997 477 2061 in
499 2018 733 2085 quamcumque
756 1997 887 2063 domum
909 1999 1053 2082 venerit,
1076 1997 1206 2062 felicem
1229 2021 1299 2063 eam
1346 2025 1351 2033 ·

763 2098 1037 2187 tranquillamque
1059 2100 1250 2186 praestabit.

240 2200 339 2286 Cogit
360 2200 516 2286 rogando,
540 2222 614 2265 cum
635 2209 729 2287 rogat
750 2203 923 2290 potentior.

173 2310 215 2368 75
238 2301 418 2367 Commune
439 2301 645 2388 naufragium
668 2302 818 2368 omnibus
841 2301 972 2368 solacio·
985 2311 1045 2371 est.

240 2403 467 2469 Conscientiae
488 2405 597 2490 potius
620 2426 714 2491 quam
738 2405 845 2469 famae
867 2405 1055 2470 attenderis.

239 2503 419 2570 Considera
441 2504 520 2592 quid
544 2506 645 2590 dicas,
668 2529 733 2572 non
756 2506 834 2593 quid
858 2507 994 2593 cogites.

240 2606 448 2673 Consuetudo
471 2606 628 2693 peccandi
650 2608 895 2673 multitudinem
917 2607 997 2673 facit
1018 2609 1234 2696 peccantium.

239 2706 377 2773 Consuli
397 2707 529 2796 quidem
551 2711 660 2775 omnia
682 2709 813 2792 debent,
837 2732 952 2775 verum
972 2733 1038 2775 nou
1059 2708 1101 2773 ab
1125 2709 1286 2776 omnibus.

174 2820 218 2877 86
240 2811 470 2899 Contemptum
492 2811 712 2899 periculorum
734 2811 912 2878 assiduitas
935 2810 1144 2899 periclitandi
1166 2810 1256 2876 facit.

241 2913 334 2978 Cont1
346 2922 422 2978 umt
444 2912 573 3000 plebeia
595 2912 718 2978 celsum
739 2935 837 3002 saepe
859 2901 947 2980 dicta
969 2914 1135 2978 verticem.

243 3014 361 3081 Coram
382 3036 447 3079 uno
469 3012 595 3103 aliquid
616 3024 710 3102 turpe
733 3014 857 3080 dictum
878 3014 1022 3081 ridemus
1046 3021 1079 3078 et
1100 3035 1207 3077 coram
1229 3012 1299 3101 plu·

766 3117 857 3182 ribus
879 3115 1099 3201 indignamur.
1128 3167 1130 3172 .

241 3217 365 3284 Crebro
388 3217 417 3283 si
439 3220 551 3304 iacias,
574 3217 665 3282 aliud
687 3217 768 3282 alias
791 3219 916 3284 ieceris.

241 3320 305 3385 Cui
328 3321 481 3386 convenit
504 3342 577 3385 cum
598 3329 799 3408 paupertate,
823 3318 917 3385 dives
941 3328 1001 3384 est.

175 3428 217 3486 85
241 3422 357 3487 Cuivis
380 3421 500 3486 artifici
521 3422 556 3484 in
577 3431 648 3487 arte
670 3420 869 3487 credendum
892 3430 941 3486 est
963 3442 1032 3485 sua.

236 3699 685 3773 ''61R..Sendeira1,16‚7
784 3698 1093 3756 GFGoNDemortlss
1187 3698 1354 3756 63Ps..

153 3786 220 3841 Seu.
236 3784 270 3840 de
284 3801 372 3886 prov.
377 3784 407 3857 4,
420 3785 438 3842 6
499 3783 538 3842 64
560 3786 614 3842 Bo.
632 3744 822 3859 ripostolius‘
804 3801 823 3856 η
840 3771 972 3859 κάμηλος
987 3771 1197 3857 ἐπιθυμήσασαι
1211 3773 1299 3859 κερά-

153 3887 216 3924 των
232 3856 334 3923 καὶτὰ
348 3856 408 3924 ciro
423 3861 647 3943 προςαπῶλεσεν
732 3868 772 3926 65
794 3871 844 3926 Ps.
932 3869 972 3927 66
994 3871 1029 3925 F.
1046 3869 1082 3925 De
1098 3886 1166 3926 mor.
1184 3868 1222 3925 12

156 3954 197 4012 67
221 3955 271 4010 Ps.
288 3953 350 4011 Sen.
366 3954 444 4010 Herc.
460 3954 512 4011 tur.
529 3955 589 4013 332
650 3953 688 4013 68
712 3954 765 4011 Bo.
781 3953 859 4011 Hom.
874 3954 948 4011 llied.
966 3953 996 4027 9,
1013 3953 1074 4011 374
1087 3971 1128 4028 sq
1144 3971 1186 4028 sp
1199 3953 1302 4010 Erasm.

154 4039 243 4112 Adag.
258 4038 277 4099 1.
295 4056 318 4094 o.
335 4057 382 4113 pg.
399 4037 459 4096 752
561 4036 870 4098 asseuerante
972 4039 1013 4096 70
1034 4040 1083 4095 Ps.
1175 4038 1224 4095 71.
1250 4037 1299 4093 72.

156 4123 198 4180 73
223 4124 273 4183 Ge.
289 4123 351 4179 Seu.
368 4122 492 4180 dealem.
510 4125 545 4196 2,
562 4125 597 4197 3,
615 4124 642 4180 1.
663 4124 691 4197 1,
707 4123 738 4196 5,
753 4123 773 4178 4
880 4122 920 4180 74
944 4123 985 4179 Gr
1001 4122 1029 4178 2.
1046 4121 1085 4178 tf.
1101 4139 1182 4197 supra
1198 4140 1221 4177 v.
1240 4121 1298 4178 661
1407 4175 1409 4180 .

263 4207 302 4265 75
326 4209 381 4264 Bo.
396 4207 495 4265 lirasm
513 4209 596 4283 Adag.
615 4227 641 4282 p.
659 4208 721 4266 380
829 4208 868 4265 76
892 4208 934 4264 Gr
949 4207 976 4263 2.
993 4207 1068 4263 Ceae.
1083 4207 1156 4264 Belb.
1171 4205 1231 4261 Par.
1248 4207 1299 4278 65,

154 4311 203 4366 pq.
220 4291 261 4347 42
329 4292 368 4348 77
392 4293 440 4348 Ps
475 4294 545 4354 78
570 4294 618 4350 Go.
635 4293 697 4350 Seu.
714 4292 747 4348 de
762 4292 841 4348 clem
860 4293 889 4365 1,
906 4291 991 4364 22,2
1057 4292 1096 4350 ts
1121 4290 1204 4348 Gra.
1221 4289 1298 4348 Caco.

155 4376 228 4433 Balb.
245 4376 315 4432 Mon.
333 4376 384 4450 28,
400 4375 419 4431 4
422 4395 492 4451 ‚.pg
509 4378 548 4435 29
625 4377 717 4436 8οΒ.
733 4377 796 4434 Seu.
811 4377 844 4432 de
860 4377 964 4450 provrd
980 4375 1010 4449 4,
1029 4374 1067 4432 12
1143 4376 1182 4434 81
1206 4377 1241 4431 F

17 4513 18 4518 ,
157 4460 197 4519 82
221 4462 258 4519 Β.
275 4461 337 4518 Son.
353 4461 488 4518 decoust.
505 4479 561 4536 sap.
578 4462 658 4534 16,4
724 4461 763 4520 83
786 4462 840 4519 Bo.
856 4461 957 4518 Erasm.
974 4420 1056 4534 Adeg.
1122 4460 1163 4520 84
1185 4462 1220 4518 F.
1238 4462 1301 4519 Sen.

16 4521 18 4552 ⁴
157 4547 236 4620 epist.
254 4545 319 4618 2,6
406 4545 446 4604 85
469 4548 522 4605 Bo.
538 4506 737 4620 Eresniirldsg.
