3252 5180
600 471 876 525 rnonneousua
1271 454 1311 524 at

163 629 334 714 congestis
377 647 496 693 vanam
538 627 708 714 gloriolam
750 638 896 716 captaret
939 650 1094 715 suamque
1136 625 1314 692 editionem

163 733 331 813 omnium,
361 752 445 816 quae
473 730 629 796 haetenus
657 728 763 794 lucem
791 729 970 813 vidissent,
999 729 1219 817 plenissimam
1243 745 1313 792 esse

163 831 383 918 praedicaret.
428 830 524 895 Hanc
544 841 669 896 tantam
684 830 799 896 iudicii
813 833 1062 919 perversitatem
1077 829 1204 897 duobus
1219 830 1312 893 annis

163 942 245 1020 post
270 935 389 997 iterum
418 924 580 1019 prodidit,
609 955 683 998 cum
711 934 888 999 sententias
910 931 1088 998 Bothianas
1117 930 1191 1019 plus
1217 952 1312 1016 quarn

164 1044 347 1115 trecentae,
379 1056 459 1120 quas
489 1035 559 1121 ipse
582 1056 624 1098 ex
645 1035 778 1099 incertis
810 1035 955 1101 fontibus
978 1035 1110 1098 haustas
1133 1053 1205 1097 esse
1226 1042 1313 1096 recte

137 1213 140 1216 Ι
165 1135 389 1219 intellexerat,
413 1134 630 1222 supplementi
652 1134 722 1199 loco
745 1137 862 1200 iterum
886 1134 1029 1200 edendas
1052 1135 1188 1199 curavit.
1222 1131 1312 1213 Quo-

167 1237 278 1301 minus
307 1246 416 1301 tamen
444 1237 620 1302 editionem
647 1236 753 1302 bonae
781 1238 885 1321 l'rugis
910 1247 1077 1324 expertem
1099 1256 1170 1300 esse
1194 1234 1311 1316 dicam,

167 1336 345 1424 prohibent
372 1359 446 1402 cum
472 1337 553 1421 alia,
581 1348 650 1402 tum
678 1338 905 1404 adnotationes
937 1337 1097 1424 quaedam
1119 1337 1152 1401 J.
1176 1335 1313 1421 Caspari

168 1438 287 1503 Orellii
309 1441 376 1505 suis
399 1439 478 1504 locis
501 1442 653 1505 insertae.

256 1541 364 1604 Frid.
381 1540 500 1608 Heni.
516 1541 705 1624 Bothius,
720 1551 889 1629 poetarum
904 1542 1124 1606 scaenicorum
1139 1538 1311 1604 latinorum
1406 1534 1413 1538 ’
1448 1567 1457 1576 ·

168 1641 276 1706 editor
299 1641 481 1726 (Halberst.
498 1642 591 1724 1824,
605 1643 705 1729 Lips.
725 1644 831 1729 1834),
854 1653 962 1706 utrum
985 1641 1058 1728 plus
1080 1641 1158 1706 boni
1173 1658 1215 1704 au
1234 1638 1311 1703 mali

171 1742 319 1808 attulerit
333 1742 488 1827 Publilio,
510 1766 575 1808 non
597 1742 694 1808 facilc
717 1753 767 1808 est
788 1744 831 1809 ad
854 1744 1109 1809 diiudicandum.
1140 1743 1225 1806 Nam
1239 1750 1314 1829 post

167 1839 354 1909 Bentleium
381 1866 476 1909 nemo
499 1844 678 1910 Publilium
705 1845 826 1930 edidit,
856 1848 912 1932 qui
939 1847 986 1910 ita
1012 1845 1147 1909 haberet
1169 1844 1311 1908 senario-

166 1969 242 2009 rum
263 1945 352 2030 leges
374 1955 579 2033 perspectas,
607 1967 703 2010 nemo
726 1947 782 2033 qui
803 1947 1053 2033 transponendis
1075 1944 1186 2010 verbis
1208 1954 1311 2008 metro
1372 1987 1374 1991 .

118 2045 130 2072 ⁸
166 2046 298 2112 felicius
320 2048 521 2122 moderatum
544 2065 604 2112 nec
625 2049 733 2144 minus
756 2070 870 2113 verum
885 2057 935 2113 est
954 2051 1116 2113 neminem
1130 2055 1222 2112 tanta
1237 2068 1310 2111 con-

167 2150 313 2213 iectandi
334 2149 467 2214 lieentia
488 2159 671 2234 grassatum
695 2171 783 2232 esse,
806 2153 968 2214 neminem
990 2159 1057 2214 tam
1079 2158 1190 2236 aperte
1212 2150 1310 2212 inter-

167 2249 302 2336 polandi
325 2251 376 2315 ius
399 2251 464 2316 sibi
485 2273 666 2335 arrogasse.
711 2251 791 2315 Cum
815 2260 924 2316 autem
947 2273 1099 2315 versuum
1117 2251 1309 2337 spuriorum,

167 2353 197 2416 si
221 2373 300 2438 quos
324 2351 464 2417 editores
479 2361 555 2416 ante
570 2373 643 2416 eum
660 2351 743 2416 male
758 2362 957 2439 receperant,
980 2353 1110 2417 iteratio
1127 2373 1164 2417 eo
1181 2351 1311 2415 nomine

145 2529 150 2534 ᾖ
169 2454 320 2518 excusari
341 2462 463 2540 posset,
487 2454 574 2540 quod
596 2475 638 2516 ex
658 2453 828 2519 codicibus
843 2453 1046 2540 interpolatis
1062 2453 1194 2518 deducti
1209 2462 1310 2534 erant,
1424 2490 1426 2496 ι

167 2554 307 2619 Bothius
329 2554 426 2619 titulo
447 2576 467 2616 a
490 2553 633 2619 Grutero
654 2557 821 2643 proposito
845 2556 896 2620 ‘L.
911 2557 1041 2620 Annaei
1062 2554 1204 2641 Senecae
1226 2563 1258 2618 et
1272 2553 1310 2616 P.

122 2731 124 2738 y
168 2657 246 2744 Syri
267 2656 376 2739 mimi,
404 2656 515 2720 forsan
544 2657 642 2720 etiam
669 2655 808 2720 aliorum
835 2657 1018 2743 singulares
1040 2656 1232 2722 sententiae'
1254 2655 1310 2718 ab·

166 2781 246 2823 usus
270 2779 307 2822 eo
329 2758 488 2844 processit
509 2756 676 2839 audaciae,
699 2768 736 2823 ut
757 2781 799 2822 ex
821 2759 1131 2846 paroemiographis,
1155 2779 1198 2820 ex
1212 2757 1309 2820 Eras-
1418 2807 1421 2814 .

167 2861 213 2922 mi
227 2860 380 2943 Adagiis,
402 2860 481 2922 item
504 2879 545 2922 ex
568 2858 732 2923 Joachimi
747 2859 928 2925 Camerarii
951 2871 983 2925 et
1003 2860 1080 2925 Jani
1094 2860 1216 2944 Anysii
1238 2879 1310 2922 scn-

168 2962 279 3026 tentiis
317 2959 495 3047 permultas
532 2961 744 3045 immisceret,
783 2984 866 3047 quae
902 2961 1044 3026 Publilio
1079 2959 1310 3046 veteribusque

166 3071 300 3150 propter
328 3061 523 3147 elegantiam
551 3063 785 3127 sententiarum
812 3062 997 3151 probosque
1025 3063 1224 3127 senariorum
1251 3083 1309 3124 nu-

166 3185 272 3228 meros
300 3186 367 3227 non
394 3157 560 3248 indignae'
572 3163 781 3248 viderentur,
812 3165 911 3250 idque
933 3186 1005 3228 cum
1028 3163 1093 3228 sibi
1113 3162 1332 3248 indulgeret„

166 3265 351 3350 legentibus
374 3287 416 3329 ne
436 3275 562 3330 tantum
587 3265 719 3351 quidem
741 3265 873 3349 tribuit,
901 3275 939 3330 ut
960 3266 1048 3331 unde
1069 3287 1171 3330 novos
1194 3271 1309 3330 versus

166 3369 360 3453 sumpsisset
392 3366 515 3453 ubique
547 3369 737 3432 nominatim
772 3367 905 3433 diceret.
950 3368 1013 3432 Cui
1045 3367 1187 3432 lubidini
1214 3366 1309 3453 plane

166 3469 365 3533 contrarium
388 3477 449 3552 est,
472 3467 559 3556 quod
582 3468 669 3532 idern
692 3468 868 3555 permultos
892 3491 1006 3533 versus
1025 3472 1060 3533 in
1074 3470 1206 3556 optimis
1221 3468 1308 3533 codi-
1393 3528 1398 3538 ,

165 3571 260 3636 cibus
288 3571 376 3635 inter
397 3568 599 3636 Publilianos
627 3571 765 3636 traditos
793 3570 923 3636 stellula
949 3569 1062 3635 addita
1090 3571 1124 3634 in
1152 3570 1307 3656 suspicio-

164 3695 240 3745 nem
269 3693 387 3737 vocare
414 3671 503 3736 haud
531 3671 707 3752 dubitavit.
751 3672 844 3736 Haec
866 3673 973 3737 omnia
994 3671 1071 3739 licet
1093 3693 1151 3736 suo
1172 3670 1309 3736 arbitrio

165 3776 289 3859 egisset
311 3813 349 3820 -
374 3775 520 3838 codicem
544 3774 630 3838 enim
653 3774 781 3838 viderat
802 3773 927 3838 nullum
942 3812 983 3821 —
1005 3774 1051 3837 ita
1072 3782 1181 3837 tamen
1204 3772 1307 3860 philo-

164 3875 250 3961 logis
273 3896 366 3939 suam
388 3898 498 3940 curam
520 3874 683 3962 probavit,
706 3884 742 3941 ut
765 3876 834 3940 eius
858 3875 958 3940 editio
981 3897 1039 3963 per
1060 3871 1184 3960 aliquot
1206 3873 1308 3940 lustra

163 3999 223 4062 pro
245 3978 368 4064 optima
390 3977 594 4042 haberetur.
778 4045 786 4052 ,

250 4078 362 4142 Bothii
377 4080 528 4164 vestigiis
545 4079 713 4164 ingressus
729 4087 779 4142 est
801 4077 968 4144 Carolus
991 4076 1147 4164 Zellius
1171 4078 1307 4162 (Aucto-

163 4203 235 4245 rum
258 4179 469 4245 classicorum
491 4181 666 4246 latinorum
688 4181 754 4246 vol.
778 4180 823 4245 X.
847 4181 969 4265 Stuttg.
996 4180 1108 4265 1829),
1140 4181 1175 4242 in
1196 4178 1307 4243 multis

163 4282 300 4363 invitus,
324 4283 353 4346 si
369 4283 500 4367 quidem
516 4284 695 4348 sententias
710 4304 730 4344 a
745 4281 864 4347 Bothio
876 4281 1017 4363 additas,
1042 4301 1121 4365 quas
1136 4302 1156 4342 a
1171 4279 1305 4344 Publilii

164 4382 310 4447 editione
341 4383 463 4448 alienas
497 4407 568 4448 esse
601 4393 813 4471 perspexerat
846 4383 983 4468 (passim
1012 4384 1097 4446 enim
1125 4379 1306 4462 adnotavit,

163 4485 251 4546 unde
273 4484 408 4548 haustae
431 4486 566 4570 essent),
589 4487 672 4549 hanc
694 4484 736 4549 ob
759 4506 890 4549 causam
913 4484 1052 4569 recepit,
1076 4504 1117 4546 ne
1139 4504 1216 4546 suae
1239 4482 1305 4546 edi·
