3252 5180
593 481 865 537 rsonaeonurl.
1130 511 1139 520 -
1262 471 1304 536 47
1348 553 1353 562 .

155 639 226 726 legi
257 643 324 729 ipsi
354 642 649 730 obtemperavimus
656 690 665 724 ,
701 664 764 728 quo
791 641 894 704 maior
925 640 1020 704 nobis
1050 648 1135 704 esset
1163 636 1306 723 licentia,

155 745 194 806 in
221 766 322 815 arena
351 744 443 830 quasi
471 753 595 808 secreta
623 745 706 809 citra
728 743 920 829 cuiusquam
943 741 1097 805 damnum
1119 739 1308 804 exsultandi

157 855 193 909 et
215 847 413 910 coniecturis
436 839 642 930 indulgendi.

621 1072 707 1076 -....--
724 1069 848 1076 --.—-.-.⁴

456 1257 502 1343 V.
551 1257 611 1341 De
641 1256 1016 1366 interpolationibus.

245 1453 501 1542 interpolatores
533 1455 595 1520 hoc
622 1456 692 1520 loco
720 1478 785 1520 non
812 1477 867 1520 eos
897 1456 1053 1538 dicimus,
1088 1457 1143 1542 qui
1171 1455 1308 1520 Publilii

159 1557 335 1621 sententiis
370 1555 492 1620 alienas
526 1556 725 1622 addiderunt
758 1556 813 1642 (de
845 1558 895 1622 his
927 1559 1013 1621 enim
1045 1559 1110 1621 iam
1138 1559 1171 1621 in
1200 1558 1307 1643 capite
1366 1631 1373 1650 Ι

160 1669 277 1744 quarto
301 1659 537 1744 exposuimus),
562 1659 619 1724 sed
641 1657 714 1723 illos
736 1659 854 1745 potius,
879 1662 935 1746 qui
957 1658 1195 1746 interpretandi
1210 1680 1307 1723 causa

160 1761 265 1824 verba
288 1768 403 1846 poetae
425 1762 561 1825 consulto
583 1761 851 1825 immutaverunt:
877 1763 924 1825 sic
947 1785 1004 1827 suo
1021 1762 1135 1825 ordine
1150 1761 1306 1846 incapite

160 1871 256 1927 sexto
280 1861 321 1924 de
342 1862 383 1925 iis
407 1859 664 1947 corruptelarum
685 1862 1109 1946 generibusdisserendum
1129 1863 1202 1944 erit,
1225 1883 1307 1948 quae

160 1966 273 2029 lavitis
300 1964 442 2027 librariis
470 1962 613 2026 admissa
642 1973 717 2027 suut
745 1985 783 2027 ac
812 1963 852 2026 de
874 1963 1027 2029 tollendis
1051 1966 1107 2048 iis,
1136 1965 1171 2027 id
1194 1973 1245 2027 est
1266 1963 1307 2026 de

162 2064 386 2129 emendandis.
431 2063 496 2128 Sed
525 2067 677 2150 quoniam
705 2068 739 2129 in
769 2064 917 2152 plurimis
941 2066 1108 2130 codicibus
1130 2063 1305 2152 interpola·
1371 2077 1372 2082 ’

162 2169 260 2232 tionis
289 2165 432 2250 vestigia
458 2188 524 2229 non
547 2167 692 2230 extincta
715 2167 862 2253 quidem,
891 2177 925 2231 at
953 2177 1040 2232 certe
1066 2168 1112 2232 ita
1134 2167 1308 2230 obscurata
1395 2203 1401 2222 t

162 2279 255 2349 sunt,
278 2279 313 2333 ut
336 2266 531 2353 aliquotiens
553 2269 696 2332 incertus
720 2269 870 2350 haereas,
895 2269 1002 2332 sintne
1024 2266 1141 2332 deletis
1164 2269 1305 2353 interpo-

162 2370 276 2436 latoris
309 2369 363 2433 vel
391 2367 581 2454 glossatoris
610 2368 843 2434 additamentis
875 2371 994 2434 senarii
1021 2369 1231 2452 restituendi,
1265 2391 1307 2430 an

162 2473 344 2537 sententiae
371 2473 517 2559 pedestri
545 2473 686 2536 sermoni
712 2472 947 2557 assignandae,
977 2474 1118 2559 primum
1144 2469 1307 2535 luculento

163 2575 319 2640 codicis
342 2574 578 2638 'l'uricensis
596 2573 743 2661 exemplo
760 2573 982 2644 demonstrare
998 2573 1198 2656 conabimur,
1214 2572 1306 2659 quid-

161 2699 238 2740 nam
262 2661 389 2739 consilii
411 2674 659 2763 interpolatores
682 2677 785 2739 secuti
808 2677 874 2740 sint
889 2664 923 2740 ct
936 2698 1015 2762 quos
1036 2676 1078 2740 ad
1101 2675 1181 2739 fines
1197 2696 1306 2739 eorum

161 2801 262 2867 opera
289 2787 438 2864 grassata
464 2779 517 2842 sit.
563 2778 603 2841 Id
632 2769 704 2842 cum
733 2800 792 2865 per
821 2801 856 2842 se
878 2777 1008 2862 neglegi
1030 2800 1095 2842 non
1124 2777 1243 2864 possit,
1271 2785 1307 2839 ut

161 2889 289 2944 rectum
311 2878 352 2944 de
375 2881 490 2945 ceteris
518 2878 685 2943 codicibus
708 2879 850 2944 feramus
873 2879 1047 2961 iudicium,
1077 2890 1146 2942 tum
1168 2877 1306 2941 delecta-

162 2982 262 3046 tionis
291 2980 417 3067 aliquid
439 2983 538 3046 habet
561 3003 603 3044 ex
626 2984 697 3068 ipsa
719 2982 841 3063 codicis
865 2979 975 3045 indole
996 2990 1094 3067 atque
1117 2979 1306 3043 condicione

162 3082 375 3169 comprobare
409 3082 592 3148 scholarum
626 3094 852 3170 praeceptores
881 3082 924 3146 ad
954 3082 1135 3147 docendam
1161 3081 1306 3166 linguam

161 3185 299 3250 latinam
321 3184 456 3249 Publilii
479 3187 649 3250 sententiis
671 3207 748 3249 usos
772 3206 853 3248 csse.

250 3289 283 3373 1)
307 3286 446 3351 Omissis
470 3288 638 3351 sententiis
655 3287 900 3369 Turiccnsibus,
924 3308 1006 3372 quae
1028 3295 1085 3350 aut
1106 3284 1149 3349 ad
1170 3285 1306 3350 verbum

162 3412 237 3453 cum
265 3387 462 3452 Publilianis
491 3389 640 3453 codicum
670 3389 802 3452 PRBF
825 3389 1028 3474 conspirant,
1057 3397 1113 3453 aut
1140 3387 1236 3474 plane
1257 3390 1305 3451 in-

162 3501 272 3555 certae
300 3501 375 3554 sunt
403 3491 556 3574 originis,
589 3490 684 3555 huius
715 3491 776 3555 erit
804 3489 867 3554 loci
890 3489 930 3553 de
955 3491 995 3553 iis
1019 3490 1194 3572 disserere,
1224 3513 1306 3576 quae

162 3593 378 3680 paraphrases
402 3589 658 3656 Publilianarum
681 3591 839 3656 dicendae
861 3601 946 3656 sunt.
985 3589 1076 3670 Quas
1098 3594 1242 3678 quicum
1258 3593 1306 3654 in-

161 3696 265 3781 tegris
294 3693 445 3758 versibus
475 3695 730 3782 comparaverit,
758 3693 855 3758 facile
876 3693 1067 3780 perspiciet,
1095 3702 1249 3758 nontam
1271 3693 1306 3756 id

164 3799 271 3882 egisse
299 3794 581 3882 interpolatorem,
612 3805 649 3860 ut
675 3817 790 3882 aspera
820 3795 1011 3883 perpoliret,
1040 3796 1146 3858 minus
1175 3797 1305 3860 usitatis

164 3898 379 3964 substitueret
408 3896 573 3983 vulgaria,
602 3897 645 3961 ad
674 3896 929 3982 intellegendum
957 3897 1146 3962 obscuriora
1172 3898 1304 3962 auribus

164 4001 256 4085 vulgi
283 3999 558 4082 accommodaret,
592 3999 651 4064 sed
678 3999 822 4064 voluisse
855 4021 933 4063 eum,
956 4001 1084 4063 variare
1116 4001 1304 4084 orationem,

164 4103 374 4198 prospexisse
402 4103 514 4188 copiae
542 4103 717 4165 verborum
745 4102 909 4188 parandae
918 4150 926 4183 ,
956 4101 1096 4188 denique
1124 4101 1306 4166 ostendisse

164 4204 327 4293 quomodo
356 4202 469 4267 eadem
498 4205 660 4270 sententia
685 4203 758 4267 aliis
786 4202 897 4268 verbis
924 4213 1033 4290 posset
1061 4204 1211 4289 exprimi.
1256 4205 1305 4268 Ac

163 4307 280 4373 videor
306 4305 387 4370 mihi
414 4304 543 4389 videre,
573 4305 689 4392 quibus
713 4306 982 4397 exercitationum
1002 4303 1176 4391 generibus
1198 4324 1304 4389 gram-

164 4411 302 4475 maticus
318 4409 493 4494 praecipue
509 4430 638 4495 operam
655 4407 792 4472 dederit.
826 4407 1027 4472 lubebantur
1042 4407 1135 4493 pueri
1150 4406 1183 4469 in
1198 4403 1305 4494 locum

164 4510 340 4597 singularis
356 4508 514 4596 pluralem
528 4532 697 4574 numerum
713 4509 921 4593 substituere,
942 4509 1179 4574 nominativum
1195 4531 1227 4573 v·
1245 4510 1306 4573 115
