3228 5184
470 455 626 502 rurnnnu
650 456 728 502 sum
751 455 980 503 snuunurmn.
1047 453 1050 458 ·
1255 441 1301 506 95

156 626 226 665 rrov.
249 607 409 689 Optimum
437 613 481 671 est
507 627 626 690 semper
654 609 825 689 t'quoseere,
857 613 1020 690 tamquam
1046 608 1075 672 si
1101 610 1167 692 r'qrse
1194 611 1303 675 cotidie

759 730 873 792 pecces.

243 809 403 891 Optimum
429 815 473 874 est
492 811 652 875 mutorum
678 812 808 926 uestium
837 812 939 891 sequi,
967 813 996 876 si
1024 817 1114 920 rmtq
1125 833 1301 894 praeeesse-

762 917 837 976 rmt.

242 1012 354 1076 Omm's
375 1014 480 1077 doctor
501 1014 537 1077 m
558 1015 641 1078 oilae
661 1015 785 1078 ramme
801 1033 935 1096 pereum
956 1016 1079 1096 turpior
1101 1020 1153 1098 est,

173 1121 217 1177 35
242 1114 288 1178 Ob
312 1115 369 1179 boc
390 1116 474 1196 quod
493 1116 529 1178 m
551 1115 664 1198 officie,
687 1117 777 1180 euius
797 1117 946 1197 mcqr'ster
968 1135 1030 1180 esse
1050 1117 1126 1195 uult,
1149 1117 1275 1181 labitur.

239 1215 355 1280 Omnis
378 1213 530 1302 voluptas
554 1237 788 1302 quemcumque
809 1215 921 1304 arrisit
942 1227 1049 1280 nocet.

240 1316 394 1381 Officium
417 1315 563 1380 benivoli
585 1318 686 1381 animi
707 1316 804 1380 finem
826 1340 893 1382 non
913 1317 1022 1383 habet.

240 1417 270 1482 O
293 1420 362 1482 vita
384 1420 503 1483 misero
526 1417 635 1503 longa,
657 1417 747 1482 felici
768 1418 895 1483 brevis!

239 1519 427 1604 'Obiurguri
450 1521 484 1583 in
507 1517 694 1584 calamitate
715 1521 851 1604 grivius
874 1530 924 1584 est
947 1542 1042 1607 quam
1065 1519 1244 1585 celamitas.

149 1611 272 1684 4400
295 1620 389 1684 dulce
410 1630 618 1702 tormentum,
641 1620 700 1685 ubi
721 1623 909 1707 reprimitur
929 1621 1100 1706 gaudium!

245 1721 366 1786 Omnes
388 1743 492 1808 nequo
515 1723 624 1787 animo
646 1732 772 1808 parent,
795 1723 853 1787 ubi
875 1723 969 1808 digni
990 1724 1161 1811 imperant.

244 1823 359 1887 Occidi
382 1833 440 1909 cst¹
452 1822 636 1910 pulchrum,
659 1825 874 1909 ignominiose
895 1824 953 1889 ubi
975 1827 1109 1890 servius.

244 1926 273 1990 Ο
295 1927 431 1990 tacitum
453 1934 649 1989 tormentum
670 1927 772 1990 animi
794 1927 1006 1992 conscientia!

245 2025 388 2113 'Optime
414 2028 556 2112 positum
585 2029 634 2090 est
662 2027 873 2112 beneficium,
901 2027 959 2092 ubi
986 2030 1055 2091 eius
1077 2029 1224 2093 meminit
1246 2031 1303 2115 qui

762 2123 893 2216 tocipit.

63 2279 71 2286 .
150 2237 217 2294 445
241 2230 445 2316 Obsequium
468 2239 590 2316 nuptae
613 2231 678 2294 cito
700 2230 738 2294 fit
759 2231 869 2295 odium
891 2231 1037 2318 paelicis.

243 2330 382 2395 Occasio
403 2341 555 2418 receptus
578 2331 730 2395 difficiles
753 2332 862 2395 hebet.

242 2433 271 2496 O
293 2434 472 2518 pessimum
494 2432 663 2519 periclum,
687 2443 835 2518 opertum
857 2434 944 2520 quod
966 2432 1059 2500 latet!

239 2536 373 2617 Omnes,
397 2557 470 2598 cum
492 2533 619 2598 occulte
640 2545 787 2621 peccant,
809 2545 945 2623 peccant
967 2537 1068 2600 ocius.

154 2830 289 2872 comens
305 2832 328 2871 v.
345 2813 528 2872 436—449:
547 2815 575 2869 F
588 2813 638 2891 (F)

160 2948 221 3022 PR,
238 2949 302 3006 odio
319 2958 428 3022 oportet
444 2958 474 3004 nt
489 2948 633 3004 bonumF
730 2966 787 3022 pec.
805 2949 1028 3006 terriculamnon
1051 2951 1130 3006 Viue.
1227 2960 1301 3005 metu

160 3036 189 3089 F
273 3034 312 3090 32
335 3036 413 3090 Ptin.
430 3038 511 3105 epist.
528 3035 564 3105 8,
581 3033 636 3105 22,
654 3033 672 3088 2
693 3031 835 3106 ‘optimum
857 3036 980 3090 existimo
1000 3036 1045 3107 qui
1060 3035 1157 3090 ceteris
1172 3035 1208 3088 itu
1223 3035 1301 3108 igno·

155 3121 219 3191 scit,
235 3127 370 3191 tamquam
387 3121 444 3192 ipsc
461 3119 561 3174 cotidie
577 3119 692 3191 peccet'.
787 3121 809 3173 si
824 3119 930 3176 PREC
951 3120 1028 3175 Viuc.
1045 3120 1080 3175 B.
1097 3134 1139 3190 sp.
1155 3121 1182 3174 d.
1197 3117 1228 3189 4,
1245 3118 1298 3175 68:

153 3203 380 3260 omFPlr'nius
466 3203 505 3260 33
538 3204 615 3259 Viue.
633 3204 669 3259 B.
686 3219 728 3274 sp.
745 3205 770 3258 d.
787 3202 817 3273 5,
830 3203 906 3276 37Ι
956 3203 997 3259 34
1028 3204 1106 3260 Fine.
1121 3205 1157 3258 B.
1173 3218 1217 3273 sp.
1230 3204 1256 3258 d.
1269 3203 1299 3272 5,

155 3288 195 3344 56
218 3290 305 3343 omnis
323 3330 329 3343 .
348 3330 354 3343 .
373 3329 378 3342 .
395 3287 493 3343 labitur
594 3287 632 3344 35
656 3287 714 3342 vult
737 3305 788 3344 om.
805 3288 832 3344 R
923 3287 985 3345 436
1007 3303 1218 3361 quamcumque,
1238 3292 1255 3344 i.
1276 3304 1299 3343 e.

156 3381 417 3446 quantumcumque
437 3375 510 3429 cori.
534 3373 620 3443 Cusp.
645 3373 747 3442 Orelli,
769 3391 808 3429 em
829 3373 1006 3446 cuicumque?
1091 3372 1152 3428 437
1175 3370 1298 3427 benevoli
1337 3409 1341 3416 -

154 3460 281 3513 editores
366 3457 428 3514 438
452 3457 565 3514 Seneca
582 3465 708 3514 controv.
726 3457 742 3512 7
760 3456 817 3529 (3),
836 3459 890 3528 18,
909 3475 938 3528 p.
956 3457 1088 3528 206,19
1109 3458 1199 3513 Burs.
1214 3459 1300 3528 Apot-

154 3545 251 3598 lem'us
265 3560 312 3613 up.
330 3543 442 3599 Stobae.
472 3546 558 3614 floret.
579 3541 654 3614 121,
672 3542 711 3597 34
732 3532 843 3615 βραχὺς
865 3530 878 3595 ὁ
900 3539 965 3616 βίος
985 3531 1139 3617 ἀνθρώπῳ
1160 3525 1194 3596 εὖ
1210 3535 1300 3615 πράτ-

153 3644 252 3693 τοντι,
275 3625 467 3698 δυςτυχοῦντι
489 3620 520 3682 δὲ
540 3621 655 3701 μακρός
741 3627 793 3682 vitu
810 3666 817 3682 .
835 3667 841 3680 .
857 3626 938 3700 longa
955 3667 961 3681 .
980 3625 1090 3681 .brevis
1113 3626 1240 3682 Seneca:
1262 3627 1299 3680 vi-

155 3720 208 3766 turn
225 3752 231 3766 .
249 3754 255 3767 .
272 3712 381 3786 longam
398 3753 404 3766 .
422 3753 428 3765 .
444 3710 553 3767 brevem
568 3713 604 3782 F,
621 3711 661 3784 cf.
678 3731 702 3768 u.
719 3709 781 3767 443
882 3709 943 3766 439
968 3710 1012 3783 Of.
1028 3728 1053 3767 u.
1070 3710 1120 3767 86.
1138 3709 1198 3765 124

154 3795 293 3870 obiurgari
308 3799 343 3864 F,
360 3799 457 3852 Bentl.
473 3811 512 3853 eu
528 3802 714 3853 contectura:
737 3795 881 3869 obiurgare
900 3796 932 3867 Τ,
949 3797 1058 3871 Gruter
1152 3796 1260 3870 gravior
1278 3796 1303 3851 T

238 3880 301 3938 440
323 3876 416 3937 *ubiz
433 3898 519 3954 aequo
538 3880 581 3936 ubi
598 3883 634 3953 F,
655 3888 825 3953 corruptum
840 3896 879 3936 ex
895 3900 919 3938 r.
936 3879 1014 3950 4413
1037 3889 1116 3936 torm.
1134 3897 1149 3936 o
1171 3880 1195 3936 d.
1213 3896 1299 3953 nequo

152 3964 199 4021 ubi
219 3969 312 4039 uulqo.
344 3968 381 4022 At
396 3966 438 4039 cf.
462 3985 487 4023 u.
503 3965 575 4025 438.
592 3965 663 4023 443.
680 3964 751 4022 447.
863 3965 922 4021 441
947 3965 992 4021 ubi
1014 3965 1114 4040 (lignus
1134 3966 1248 4039 imperat
1266 3966 1297 4035 Τ,

156 4052 232 4106 unde
246 4054 374 4108 corrictus
389 4050 488 4125 dignus
505 4050 550 4105 ubi
565 4051 689 4124 imperat,
706 4050 780 4123 digni
795 4050 840 4106 ubi
858 4051 966 4108 Gruter
1028 4049 1090 4106 442
1114 4067 1140 4105 o.
1156 4048 1299 4122 pulchrum

153 4143 197 4190 est
214 4134 258 4191 ubi
274 4136 456 4210 ignominiose
471 4154 494 4191 s.
511 4136 547 4208 F,
563 4138 723 4192 emendavit
740 4136 772 4191 G¹
788 4135 891 4209 Meyer
983 4134 1105 4190 occidere
1122 4134 1214 4189 Bothe

151 4237 178 4292 p.
196 4219 243 4274 ubi
258 4237 319 4276 cum
335 4221 483 4294 ignominia
499 4238 519 4276 s.
538 4221 646 4276 Gruter
732 4219 792 4277 443
818 4220 902 4293 Cfio.
921 4219 981 4276 683
1036 4217 1129 4273 -444
1152 4218 1299 4273 eiusGru·

153 4312 218 4362 ter.-
241 4322 295 4361 om.
311 4307 347 4378 F,
364 4305 410 4360 nbi
425 4307 470 4378 qui
487 4305 582 4378 occipit
597 4306 749 4360 meminerit
764 4306 864 4364 Bothe.
897 4303 941 4375 Cf.
958 4323 983 4360 v.
1001 4302 1062 4359 624
1161 4300 1223 4358 445
1246 4301 1300 4356 lert

155 4390 251 4446 Bothe
361 4390 421 4446 447
445 4390 576 4464 periclum
596 4391 718 4446 Gruter:
739 4389 932 4463 periculum'F
1038 4382 1195 4461 *opertum
1211 4386 1298 4458 quod:

156 4475 230 4548 quod
247 4482 374 4549 opertum
389 4477 419 4531 F
522 4473 584 4532 448
607 4469 700 4530 *cum
717 4492 743 4530 o.
759 4492 786 4548 p.
801 4482 915 4553 peccant
931 4474 1021 4528 ocius:
1044 4488 1104 4527 cnm
1119 4489 1146 4545 p.
1163 4488 1189 4526 o.
1204 4487 1299 4545 pacan-
