<?xml version="1.0" encoding="UTF-8"?>
<!DOCTYPE html PUBLIC "-//W3C//DTD XHTML 1.0 Transitional//EN"
    "http://www.w3.org/TR/xhtml1/DTD/xhtml1-transitional.dtd">
<html xmlns="http://www.w3.org/1999/xhtml" xml:lang="en" lang="en">
 <head>
  <title>
</title>
<meta http-equiv="Content-Type" content="text/html;charset=utf-8" />
  <meta name='ocr-system' content='tesseract 3.04.00' />
  <meta name='ocr-capabilities' content='ocr_page ocr_carea ocr_par ocr_line ocrx_word'/>
</head>
<body>
  <div class='ocr_page' id='page_1' title='image "./publiliisyrisen00woelgoog_0112.png"; bbox 0 0 3228 5184; ppageno 0'>
   <div class='ocr_carea' id='block_1_1' title="bbox 483 430 1309 494">
    <p class='ocr_par' dir='ltr' id='par_1_1' title="bbox 483 430 1309 494">
     <span class='ocr_line' id='line_1_1' title="bbox 483 430 1309 494; baseline 0.006 -5"><span class='ocrx_word' id='word_1_1' title='bbox 483 441 639 489; x_wconf 79' lang='lat' dir='ltr'>runmnu</span> <span class='ocrx_word' id='word_1_2' title='bbox 661 443 740 492; x_wconf 81' lang='lat' dir='ltr'>srru</span> <span class='ocrx_word' id='word_1_3' title='bbox 763 444 991 494; x_wconf 81' lang='lat' dir='ltr'>suuruurmu.</span> <span class='ocrx_word' id='word_1_4' title='bbox 1248 430 1309 494; x_wconf 89' lang='lat'>103</span> 
     </span>
    </p>
   </div>
   <div class='ocr_carea' id='block_1_2' title="bbox 152 585 1244 2612">
    <p class='ocr_par' dir='ltr' id='par_1_2' title="bbox 152 585 1244 2612">
     <span class='ocr_line' id='line_1_2' title="bbox 249 585 1052 682; baseline 0.004 -25"><span class='ocrx_word' id='word_1_5' title='bbox 249 595 318 676; x_wconf 76' lang='lat' dir='ltr'>Qui</span> <span class='ocrx_word' id='word_1_6' title='bbox 340 593 456 660; x_wconf 88' lang='lat' dir='ltr'>ulcisci</span> <span class='ocrx_word' id='word_1_7' title='bbox 479 594 619 676; x_wconf 87' lang='lat' dir='ltr'>dubitat,</span> <span class='ocrx_word' id='word_1_8' title='bbox 643 585 807 680; x_wconf 86' lang='lat' dir='ltr'>improbos</span> <span class='ocrx_word' id='word_1_9' title='bbox 830 594 939 682; x_wconf 87' lang='lat' dir='ltr'>plures</span> <span class='ocrx_word' id='word_1_10' title='bbox 962 597 1052 661; x_wconf 88' lang='lat' dir='ltr'>facit.</span> 
     </span>
     <span class='ocr_line' id='line_1_3' title="bbox 248 687 1244 784; baseline 0.001 -23"><span class='ocrx_word' id='word_1_11' title='bbox 248 697 317 778; x_wconf 74' lang='lat' dir='ltr'>Qui</span> <span class='ocrx_word' id='word_1_12' title='bbox 339 698 466 778; x_wconf 87' lang='lat' dir='ltr'>obesse,</span> <span class='ocrx_word' id='word_1_13' title='bbox 489 718 562 760; x_wconf 90' lang='lat' dir='ltr'>cum</span> <span class='ocrx_word' id='word_1_14' title='bbox 584 705 702 782; x_wconf 87' lang='lat' dir='ltr'>potest,</span> <span class='ocrx_word' id='word_1_15' title='bbox 725 719 791 761; x_wconf 93' lang='lat' dir='ltr'>non</span> <span class='ocrx_word' id='word_1_16' title='bbox 813 697 894 779; x_wconf 92' lang='lat' dir='ltr'>vult,</span> <span class='ocrx_word' id='word_1_17' title='bbox 917 697 1052 784; x_wconf 88' lang='lat' dir='ltr'>prodest</span> <span class='ocrx_word' id='word_1_18' title='bbox 1074 699 1145 764; x_wconf 92' lang='lat' dir='ltr'>tibi.</span> <span class='ocrx_word' id='word_1_19' title='bbox 1240 687 1244 692; x_wconf 37' lang='lat'>⁸</span> 
     </span>
     <span class='ocr_line' id='line_1_4' title="bbox 152 797 1049 886; baseline 0.001 -23"><span class='ocrx_word' id='word_1_20' title='bbox 152 805 226 865; x_wconf 86' lang='lat'>530</span> <span class='ocrx_word' id='word_1_21' title='bbox 250 798 422 885; x_wconf 84' lang='lat' dir='ltr'>Quidquid</span> <span class='ocrx_word' id='word_1_22' title='bbox 445 798 531 863; x_wconf 89' lang='lat' dir='ltr'>bono</span> <span class='ocrx_word' id='word_1_23' title='bbox 553 797 724 881; x_wconf 78' lang='lat' dir='ltr'>concedas,</span> <span class='ocrx_word' id='word_1_24' title='bbox 749 797 805 862; x_wconf 92' lang='lat' dir='ltr'>des</span> <span class='ocrx_word' id='word_1_25' title='bbox 828 808 954 886; x_wconf 89' lang='lat' dir='ltr'>partem</span> <span class='ocrx_word' id='word_1_26' title='bbox 976 799 1049 865; x_wconf 92' lang='lat' dir='ltr'>tibi.</span> 
     </span>
     <span class='ocr_line' id='line_1_5' title="bbox 247 899 1099 989; baseline 0.002 -25"><span class='ocrx_word' id='word_1_27' title='bbox 247 899 347 980; x_wconf 80' lang='lat' dir='ltr'>Quod</span> <span class='ocrx_word' id='word_1_28' title='bbox 368 901 494 966; x_wconf 86' lang='lat' dir='ltr'>nescias</span> <span class='ocrx_word' id='word_1_29' title='bbox 519 901 571 964; x_wconf 88' lang='lat' dir='ltr'>cui</span> <span class='ocrx_word' id='word_1_30' title='bbox 594 921 704 965; x_wconf 85' lang='lat' dir='ltr'>serves</span> <span class='ocrx_word' id='word_1_31' title='bbox 727 900 862 965; x_wconf 87' lang='lat' dir='ltr'>stultum</span> <span class='ocrx_word' id='word_1_32' title='bbox 885 912 934 966; x_wconf 91' lang='lat' dir='ltr'>est</span> <span class='ocrx_word' id='word_1_33' title='bbox 956 923 1099 989; x_wconf 82' lang='lat' dir='ltr'>parcere.</span> 
     </span>
     <span class='ocr_line' id='line_1_6' title="bbox 248 1000 1039 1087; baseline 0.001 -22"><span class='ocrx_word' id='word_1_34' title='bbox 248 1001 343 1082; x_wconf 80' lang='lat' dir='ltr'>Quae</span> <span class='ocrx_word' id='word_1_35' title='bbox 366 1000 436 1066; x_wconf 89' lang='lat' dir='ltr'>vult</span> <span class='ocrx_word' id='word_1_36' title='bbox 459 1001 565 1066; x_wconf 89' lang='lat' dir='ltr'>videri</span> <span class='ocrx_word' id='word_1_37' title='bbox 587 1000 673 1066; x_wconf 86' lang='lat' dir='ltr'>belia</span> <span class='ocrx_word' id='word_1_38' title='bbox 695 1003 804 1085; x_wconf 91' lang='lat' dir='ltr'>nimis,</span> <span class='ocrx_word' id='word_1_39' title='bbox 827 1003 908 1067; x_wconf 94' lang='lat' dir='ltr'>nulli</span> <span class='ocrx_word' id='word_1_40' title='bbox 930 1012 1039 1087; x_wconf 87' lang='lat' dir='ltr'>negat.</span> 
     </span>
     <span class='ocr_line' id='line_1_7' title="bbox 248 1101 969 1184; baseline -0.001 -17"><span class='ocrx_word' id='word_1_41' title='bbox 248 1102 315 1183; x_wconf 78' lang='lat' dir='ltr'>Qui</span> <span class='ocrx_word' id='word_1_42' title='bbox 338 1101 446 1184; x_wconf 87' lang='lat' dir='ltr'>debet,</span> <span class='ocrx_word' id='word_1_43' title='bbox 470 1102 570 1168; x_wconf 86' lang='lat' dir='ltr'>limen</span> <span class='ocrx_word' id='word_1_44' title='bbox 593 1102 763 1168; x_wconf 83' lang='lat' dir='ltr'>creditoris</span> <span class='ocrx_word' id='word_1_45' title='bbox 786 1127 851 1168; x_wconf 90' lang='lat' dir='ltr'>non</span> <span class='ocrx_word' id='word_1_46' title='bbox 872 1114 969 1168; x_wconf 88' lang='lat' dir='ltr'>amat.</span> 
     </span>
     <span class='ocr_line' id='line_1_8' title="bbox 247 1203 1081 1292; baseline 0 -24"><span class='ocrx_word' id='word_1_47' title='bbox 247 1205 315 1286; x_wconf 80' lang='lat' dir='ltr'>Qui</span> <span class='ocrx_word' id='word_1_48' title='bbox 337 1214 413 1292; x_wconf 88' lang='lat' dir='ltr'>pote</span> <span class='ocrx_word' id='word_1_49' title='bbox 434 1203 611 1269; x_wconf 86' lang='lat' dir='ltr'>transferre</span> <span class='ocrx_word' id='word_1_50' title='bbox 634 1227 786 1285; x_wconf 87' lang='lat' dir='ltr'>amorem,</span> <span class='ocrx_word' id='word_1_51' title='bbox 810 1215 886 1292; x_wconf 85' lang='lat' dir='ltr'>pote</span> <span class='ocrx_word' id='word_1_52' title='bbox 910 1205 1081 1292; x_wconf 88' lang='lat' dir='ltr'>deponere.</span> 
     </span>
     <span class='ocr_line' id='line_1_9' title="bbox 154 1305 1026 1394; baseline -0.001 -23"><span class='ocrx_word' id='word_1_53' title='bbox 154 1314 221 1371; x_wconf 86' lang='lat'>535</span> <span class='ocrx_word' id='word_1_54' title='bbox 246 1307 314 1388; x_wconf 80' lang='lat' dir='ltr'>Qui</span> <span class='ocrx_word' id='word_1_55' title='bbox 337 1305 451 1394; x_wconf 87' lang='lat' dir='ltr'>culpae</span> <span class='ocrx_word' id='word_1_56' title='bbox 473 1308 614 1391; x_wconf 85' lang='lat' dir='ltr'>ignoscit</span> <span class='ocrx_word' id='word_1_57' title='bbox 637 1308 704 1388; x_wconf 90' lang='lat' dir='ltr'>uni,</span> <span class='ocrx_word' id='word_1_58' title='bbox 729 1307 844 1371; x_wconf 86' lang='lat' dir='ltr'>suadet</span> <span class='ocrx_word' id='word_1_59' title='bbox 866 1305 1026 1393; x_wconf 88' lang='lat' dir='ltr'>pluribus.</span> 
     </span>
     <span class='ocr_line' id='line_1_10' title="bbox 247 1407 1034 1494; baseline -0.003 -22"><span class='ocrx_word' id='word_1_60' title='bbox 247 1408 420 1494; x_wconf 77' lang='lat' dir='ltr'>Quidquid</span> <span class='ocrx_word' id='word_1_61' title='bbox 442 1407 553 1494; x_wconf 90' lang='lat' dir='ltr'>probis</span> <span class='ocrx_word' id='word_1_62' title='bbox 578 1409 724 1494; x_wconf 87' lang='lat' dir='ltr'>eripitur,</span> <span class='ocrx_word' id='word_1_63' title='bbox 748 1409 904 1494; x_wconf 89' lang='lat' dir='ltr'>improbis</span> <span class='ocrx_word' id='word_1_64' title='bbox 928 1409 1034 1472; x_wconf 86' lang='lat' dir='ltr'>datur.</span> 
     </span>
     <span class='ocr_line' id='line_1_11' title="bbox 246 1508 1193 1590; baseline -0.001 -17"><span class='ocrx_word' id='word_1_65' title='bbox 246 1509 312 1590; x_wconf 81' lang='lat' dir='ltr'>Qui</span> <span class='ocrx_word' id='word_1_66' title='bbox 335 1509 400 1574; x_wconf 87' lang='lat' dir='ltr'>sibi</span> <span class='ocrx_word' id='word_1_67' title='bbox 422 1533 485 1574; x_wconf 90' lang='lat' dir='ltr'>non</span> <span class='ocrx_word' id='word_1_68' title='bbox 505 1511 603 1590; x_wconf 72' lang='lat' dir='ltr'>vivit,</span> <span class='ocrx_word' id='word_1_69' title='bbox 626 1508 699 1574; x_wconf 88' lang='lat' dir='ltr'>aliis</span> <span class='ocrx_word' id='word_1_70' title='bbox 723 1512 838 1575; x_wconf 91' lang='lat' dir='ltr'>merito</span> <span class='ocrx_word' id='word_1_71' title='bbox 862 1519 911 1574; x_wconf 84' lang='lat' dir='ltr'>est</span> <span class='ocrx_word' id='word_1_72' title='bbox 933 1520 1089 1574; x_wconf 80' lang='lat' dir='ltr'>mortuus,</span> <span class='ocrx_word' id='word_1_73' title='bbox 1124 1542 1127 1556; x_wconf 85' lang='lat'>·</span> <span class='ocrx_word' id='word_1_74' title='bbox 1180 1515 1193 1528; x_wconf 56' lang='lat'><strong>⁸</strong></span> 
     </span>
     <span class='ocr_line' id='line_1_12' title="bbox 247 1610 1024 1698; baseline 0 -24"><span class='ocrx_word' id='word_1_75' title='bbox 247 1610 419 1698; x_wconf 71' lang='lat' dir='ltr'>Quidquid</span> <span class='ocrx_word' id='word_1_76' title='bbox 440 1610 478 1675; x_wconf 94' lang='lat' dir='ltr'>fit</span> <span class='ocrx_word' id='word_1_77' title='bbox 500 1633 574 1678; x_wconf 92' lang='lat' dir='ltr'>cum</span> <span class='ocrx_word' id='word_1_78' title='bbox 597 1612 730 1694; x_wconf 88' lang='lat' dir='ltr'>virtute,</span> <span class='ocrx_word' id='word_1_79' title='bbox 754 1611 886 1684; x_wconf 86' lang='lat' dir='ltr'>fiteuni</span> <span class='ocrx_word' id='word_1_80' title='bbox 908 1611 1024 1696; x_wconf 88' lang='lat' dir='ltr'>gloria.</span> 
     </span>
     <span class='ocr_line' id='line_1_13' title="bbox 247 1713 997 1800; baseline 0 -24"><span class='ocrx_word' id='word_1_81' title='bbox 247 1713 314 1793; x_wconf 78' lang='lat' dir='ltr'>Qui</span> <span class='ocrx_word' id='word_1_82' title='bbox 336 1722 487 1800; x_wconf 81' lang='lat' dir='ltr'>expectat</span> <span class='ocrx_word' id='word_1_83' title='bbox 508 1722 544 1776; x_wconf 87' lang='lat' dir='ltr'>ut</span> <span class='ocrx_word' id='word_1_84' title='bbox 566 1721 709 1797; x_wconf 84' lang='lat' dir='ltr'>rogetur,</span> <span class='ocrx_word' id='word_1_85' title='bbox 733 1713 877 1778; x_wconf 78' lang='lat' dir='ltr'>officium</span> <span class='ocrx_word' id='word_1_86' title='bbox 898 1713 997 1778; x_wconf 85' lang='lat' dir='ltr'>levat.</span> 
     </span>
     <span class='ocr_line' id='line_1_14' title="bbox 155 1814 1067 1895; baseline -0.002 -16"><span class='ocrx_word' id='word_1_87' title='bbox 155 1823 222 1880; x_wconf 96' lang='grc'>540</span> <span class='ocrx_word' id='word_1_88' title='bbox 246 1814 312 1895; x_wconf 86' lang='lat' dir='ltr'>Qui</span> <span class='ocrx_word' id='word_1_89' title='bbox 334 1817 428 1880; x_wconf 87' lang='lat' dir='ltr'>timet</span> <span class='ocrx_word' id='word_1_90' title='bbox 449 1815 600 1895; x_wconf 90' lang='lat' dir='ltr'>amicum,</span> <span class='ocrx_word' id='word_1_91' title='bbox 624 1815 692 1876; x_wconf 93' lang='lat' dir='ltr'>vim</span> <span class='ocrx_word' id='word_1_92' title='bbox 713 1837 780 1878; x_wconf 91' lang='lat' dir='ltr'>non</span> <span class='ocrx_word' id='word_1_93' title='bbox 801 1816 894 1880; x_wconf 88' lang='lat' dir='ltr'>novit</span> <span class='ocrx_word' id='word_1_94' title='bbox 916 1816 1067 1879; x_wconf 91' lang='lat' dir='ltr'>nominis.</span> 
     </span>
     <span class='ocr_line' id='line_1_15' title="bbox 246 1915 1146 2003; baseline 0.001 -22"><span class='ocrx_word' id='word_1_95' title='bbox 246 1915 313 1996; x_wconf 80' lang='lat' dir='ltr'>Qui</span> <span class='ocrx_word' id='word_1_96' title='bbox 335 1926 411 2003; x_wconf 87' lang='lat' dir='ltr'>pote</span> <span class='ocrx_word' id='word_1_97' title='bbox 433 1915 539 1980; x_wconf 86' lang='lat' dir='ltr'>celare</span> <span class='ocrx_word' id='word_1_98' title='bbox 560 1916 688 1998; x_wconf 87' lang='lat' dir='ltr'>vitium,</span> <span class='ocrx_word' id='word_1_99' title='bbox 712 1917 830 1980; x_wconf 82' lang='lat' dir='ltr'>vitium</span> <span class='ocrx_word' id='word_1_100' title='bbox 852 1938 917 1979; x_wconf 91' lang='lat' dir='ltr'>non</span> <span class='ocrx_word' id='word_1_101' title='bbox 939 1916 1030 1979; x_wconf 86' lang='lat' dir='ltr'>facit.</span> <span class='ocrx_word' id='word_1_102' title='bbox 1143 1971 1146 1982; x_wconf 77' lang='grc'>.</span> 
     </span>
     <span class='ocr_line' id='line_1_16' title="bbox 245 2017 1150 2098; baseline 0.001 -18"><span class='ocrx_word' id='word_1_103' title='bbox 245 2017 313 2097; x_wconf 72' lang='lat' dir='ltr'>Qui</span> <span class='ocrx_word' id='word_1_104' title='bbox 337 2040 446 2082; x_wconf 88' lang='lat' dir='ltr'>omnes</span> <span class='ocrx_word' id='word_1_105' title='bbox 469 2017 606 2081; x_wconf 84' lang='lat' dir='ltr'>insidias</span> <span class='ocrx_word' id='word_1_106' title='bbox 629 2019 731 2098; x_wconf 88' lang='lat' dir='ltr'>timet,</span> <span class='ocrx_word' id='word_1_107' title='bbox 755 2018 789 2080; x_wconf 94' lang='lat' dir='ltr'>in</span> <span class='ocrx_word' id='word_1_108' title='bbox 811 2017 916 2081; x_wconf 86' lang='lat' dir='ltr'>nullas</span> <span class='ocrx_word' id='word_1_109' title='bbox 941 2017 1067 2081; x_wconf 87' lang='lat' dir='ltr'>incidit.</span> <span class='ocrx_word' id='word_1_110' title='bbox 1142 2049 1150 2055; x_wconf 90' lang='lat'>·</span> 
     </span>
     <span class='ocr_line' id='line_1_17' title="bbox 245 2117 1182 2205; baseline -0.001 -23"><span class='ocrx_word' id='word_1_111' title='bbox 245 2118 354 2198; x_wconf 79' lang='lat' dir='ltr'>Quam</span> <span class='ocrx_word' id='word_1_112' title='bbox 376 2117 480 2182; x_wconf 86' lang='lat' dir='ltr'>malus</span> <span class='ocrx_word' id='word_1_113' title='bbox 504 2128 563 2201; x_wconf 89' lang='lat' dir='ltr'>est,</span> <span class='ocrx_word' id='word_1_114' title='bbox 587 2117 715 2204; x_wconf 89' lang='lat' dir='ltr'>culpam</span> <span class='ocrx_word' id='word_1_115' title='bbox 738 2120 794 2205; x_wconf 90' lang='lat' dir='ltr'>qui</span> <span class='ocrx_word' id='word_1_116' title='bbox 816 2141 907 2183; x_wconf 90' lang='lat' dir='ltr'>suam</span> <span class='ocrx_word' id='word_1_117' title='bbox 929 2117 1064 2184; x_wconf 88' lang='lat' dir='ltr'>alterius</span> <span class='ocrx_word' id='word_1_118' title='bbox 1087 2119 1182 2183; x_wconf 89' lang='lat' dir='ltr'>facit!</span> 
     </span>
     <span class='ocr_line' id='line_1_18' title="bbox 245 2209 1041 2308; baseline -0.001 -24"><span class='ocrx_word' id='word_1_119' title='bbox 245 2220 312 2301; x_wconf 77' lang='lat' dir='ltr'>Qui</span> <span class='ocrx_word' id='word_1_120' title='bbox 335 2221 429 2285; x_wconf 86' lang='lat' dir='ltr'>docte</span> <span class='ocrx_word' id='word_1_121' title='bbox 452 2222 564 2302; x_wconf 84' lang='lat' dir='ltr'>servit,</span> <span class='ocrx_word' id='word_1_122' title='bbox 587 2231 712 2308; x_wconf 87' lang='lat' dir='ltr'>partem</span> <span class='ocrx_word' id='word_1_123' title='bbox 735 2219 920 2285; x_wconf 87' lang='lat' dir='ltr'>dominatus</span> <span class='ocrx_word' id='word_1_124' title='bbox 943 2209 1041 2285; x_wconf 84' lang='lat' dir='ltr'>tenet.</span> 
     </span>
     <span class='ocr_line' id='line_1_19' title="bbox 155 2320 1055 2408; baseline -0.001 -23"><span class='ocrx_word' id='word_1_125' title='bbox 155 2329 220 2386; x_wconf 89' lang='grc'>545</span> <span class='ocrx_word' id='word_1_126' title='bbox 245 2320 312 2401; x_wconf 77' lang='lat' dir='ltr'>Qui</span> <span class='ocrx_word' id='word_1_127' title='bbox 335 2344 370 2386; x_wconf 89' lang='lat' dir='ltr'>se</span> <span class='ocrx_word' id='word_1_128' title='bbox 393 2323 463 2408; x_wconf 87' lang='lat' dir='ltr'>ipse</span> <span class='ocrx_word' id='word_1_129' title='bbox 485 2322 606 2404; x_wconf 88' lang='lat' dir='ltr'>laudat,</span> <span class='ocrx_word' id='word_1_130' title='bbox 631 2324 695 2387; x_wconf 89' lang='lat' dir='ltr'>cito</span> <span class='ocrx_word' id='word_1_131' title='bbox 719 2321 896 2386; x_wconf 87' lang='lat' dir='ltr'>derisorem</span> <span class='ocrx_word' id='word_1_132' title='bbox 918 2324 1055 2387; x_wconf 85' lang='lat' dir='ltr'>invenit.</span> 
     </span>
     <span class='ocr_line' id='line_1_20' title="bbox 244 2422 1235 2510; baseline -0.001 -23"><span class='ocrx_word' id='word_1_133' title='bbox 244 2422 352 2503; x_wconf 77' lang='lat' dir='ltr'>Quam</span> <span class='ocrx_word' id='word_1_134' title='bbox 374 2425 527 2488; x_wconf 89' lang='lat' dir='ltr'>miserum</span> <span class='ocrx_word' id='word_1_135' title='bbox 551 2433 610 2506; x_wconf 82' lang='lat' dir='ltr'>est,</span> <span class='ocrx_word' id='word_1_136' title='bbox 633 2424 717 2488; x_wconf 88' lang='lat' dir='ltr'>bene</span> <span class='ocrx_word' id='word_1_137' title='bbox 731 2425 826 2510; x_wconf 75' lang='lat' dir='ltr'>¹quod</span> <span class='ocrx_word' id='word_1_138' title='bbox 848 2425 964 2488; x_wconf 88' lang='lat' dir='ltr'>feceris</span> <span class='ocrx_word' id='word_1_139' title='bbox 987 2424 1111 2488; x_wconf 79' lang='lat' dir='ltr'>factum</span> <span class='ocrx_word' id='word_1_140' title='bbox 1133 2427 1235 2509; x_wconf 89' lang='lat' dir='ltr'>queri.</span> 
     </span>
     <span class='ocr_line' id='line_1_21' title="bbox 243 2523 959 2612; baseline 0 -24"><span class='ocrx_word' id='word_1_141' title='bbox 243 2523 352 2604; x_wconf 77' lang='lat' dir='ltr'>Quam</span> <span class='ocrx_word' id='word_1_142' title='bbox 374 2524 456 2588; x_wconf 82' lang='lat' dir='ltr'>felix</span> <span class='ocrx_word' id='word_1_143' title='bbox 477 2526 547 2590; x_wconf 86' lang='lat' dir='ltr'>vita</span> <span class='ocrx_word' id='word_1_144' title='bbox 569 2527 688 2591; x_wconf 90' lang='lat' dir='ltr'>transit</span> <span class='ocrx_word' id='word_1_145' title='bbox 710 2529 780 2590; x_wconf 88' lang='lat' dir='ltr'>sine</span> <span class='ocrx_word' id='word_1_146' title='bbox 803 2524 959 2612; x_wconf 82' lang='lat' dir='ltr'>negotiis!</span> 
     </span>
    </p>
   </div>
   <div class='ocr_carea' id='block_1_3' title="bbox 159 2785 659 2859">
    <p class='ocr_par' dir='ltr' id='par_1_3' title="bbox 159 2785 659 2859">
     <span class='ocr_line' id='line_1_22' title="bbox 159 2785 659 2859; baseline -0.002 -15"><span class='ocrx_word' id='word_1_147' title='bbox 159 2802 295 2845; x_wconf 83' lang='lat' dir='ltr'>comeus</span> <span class='ocrx_word' id='word_1_148' title='bbox 318 2806 342 2842; x_wconf 93' lang='lat' dir='ltr'>v.</span> <span class='ocrx_word' id='word_1_149' title='bbox 361 2786 542 2844; x_wconf 81' lang='lat'>501-568:</span> <span class='ocrx_word' id='word_1_150' title='bbox 567 2789 595 2844; x_wconf 91' lang='grc'>2</span> <span class='ocrx_word' id='word_1_151' title='bbox 608 2785 659 2859; x_wconf 86' lang='grc' dir='ltr'>(Τ)</span> 
     </span>
    </p>
   </div>
   <div class='ocr_carea' id='block_1_4' title="bbox 154 2938 1329 4540">
    <p class='ocr_par' dir='ltr' id='par_1_4' title="bbox 154 2938 1329 4540">
     <span class='ocr_line' id='line_1_23' title="bbox 158 2938 1216 3014; baseline -0.001 -20"><span class='ocrx_word' id='word_1_152' title='bbox 158 2940 259 3013; x_wconf 83' lang='lat' dir='ltr'>accipi,</span> <span class='ocrx_word' id='word_1_153' title='bbox 279 2938 327 2994; x_wconf 88' lang='lat' dir='ltr'>sed</span> <span class='ocrx_word' id='word_1_154' title='bbox 348 2941 405 3012; x_wconf 84' lang='lat' dir='ltr'>rapi</span> <span class='ocrx_word' id='word_1_155' title='bbox 428 2940 579 3014; x_wconf 85' lang='lat' dir='ltr'>oportere’,</span> <span class='ocrx_word' id='word_1_156' title='bbox 600 2943 674 2997; x_wconf 88' lang='lat' dir='ltr'>Hor.</span> <span class='ocrx_word' id='word_1_157' title='bbox 691 2941 783 3012; x_wconf 84' lang='lat' dir='ltr'>Epod.</span> <span class='ocrx_word' id='word_1_158' title='bbox 802 2940 856 3010; x_wconf 86' lang='lat'>13,</span> <span class='ocrx_word' id='word_1_159' title='bbox 873 2939 909 3010; x_wconf 89' lang='grc'>4,</span> <span class='ocrx_word' id='word_1_160' title='bbox 926 2940 992 2995; x_wconf 82' lang='lat' dir='ltr'>Seu.</span> <span class='ocrx_word' id='word_1_161' title='bbox 1010 2942 1090 3011; x_wconf 80' lang='lat' dir='ltr'>epist.</span> <span class='ocrx_word' id='word_1_162' title='bbox 1110 2939 1159 3009; x_wconf 81' lang='grc'>70,</span> <span class='ocrx_word' id='word_1_163' title='bbox 1177 2939 1216 2993; x_wconf 93' lang='grc'>24</span> 
     </span>
     <span class='ocr_line' id='line_1_24' title="bbox 158 3016 1301 3097; baseline -0.003 -16"><span class='ocrx_word' id='word_1_164' title='bbox 158 3025 220 3081; x_wconf 86' lang='grc'>528</span> <span class='ocrx_word' id='word_1_165' title='bbox 245 3023 289 3096; x_wconf 83' lang='lat' dir='ltr'>Cf.</span> <span class='ocrx_word' id='word_1_166' title='bbox 308 3043 330 3080; x_wconf 86' lang='lat' dir='ltr'>r.</span> <span class='ocrx_word' id='word_1_167' title='bbox 349 3023 427 3096; x_wconf 84' lang='grc'>285,</span> <span class='ocrx_word' id='word_1_168' title='bbox 446 3016 580 3097; x_wconf 75' lang='lat' dir='ltr'>proverb.</span> <span class='ocrx_word' id='word_1_169' title='bbox 598 3025 636 3082; x_wconf 91' lang='grc'>66</span> <span class='ocrx_word' id='word_1_170' title='bbox 729 3024 834 3079; x_wconf 84' lang='lat' dir='ltr'>dubitat</span> <span class='ocrx_word' id='word_1_171' title='bbox 849 3025 942 3079; x_wconf 88' lang='lat' dir='ltr'>ulcisci</span> <span class='ocrx_word' id='word_1_172' title='bbox 960 3024 1067 3080; x_wconf 82' lang='lat' dir='ltr'>Gruter</span> <span class='ocrx_word' id='word_1_173' title='bbox 1167 3022 1227 3079; x_wconf 87' lang='grc'>529</span> <span class='ocrx_word' id='word_1_174' title='bbox 1253 3023 1301 3079; x_wconf 85' lang='lat' dir='ltr'>titi</span> 
     </span>
     <span class='ocr_line' id='line_1_25' title="bbox 158 3110 1300 3182; baseline -0.004 -16"><span class='ocrx_word' id='word_1_175' title='bbox 158 3111 308 3180; x_wconf 80' lang='lat' dir='ltr'>Halmius,</span> <span class='ocrx_word' id='word_1_176' title='bbox 335 3112 412 3182; x_wconf 82' lang='lat' dir='ltr'>quod</span> <span class='ocrx_word' id='word_1_177' title='bbox 435 3113 522 3166; x_wconf 80' lang='lat' dir='ltr'>simili</span> <span class='ocrx_word' id='word_1_178' title='bbox 540 3114 621 3166; x_wconf 79' lang='lat' dir='ltr'>exitu</span> <span class='ocrx_word' id='word_1_179' title='bbox 643 3125 744 3166; x_wconf 82' lang='lat' dir='ltr'>uersus</span> <span class='ocrx_word' id='word_1_180' title='bbox 765 3113 912 3181; x_wconf 79' lang='lat' dir='ltr'>sequentis</span> <span class='ocrx_word' id='word_1_181' title='bbox 934 3110 1068 3164; x_wconf 78' lang='lat' dir='ltr'>hriustum</span> <span class='ocrx_word' id='word_1_182' title='bbox 1090 3123 1152 3164; x_wconf 91' lang='lat' dir='ltr'>esse</span> <span class='ocrx_word' id='word_1_183' title='bbox 1174 3111 1300 3164; x_wconf 83' lang='lat' dir='ltr'>uidetur:</span> 
     </span>
     <span class='ocr_line' id='line_1_26' title="bbox 157 3193 1203 3268; baseline -0.002 -18"><span class='ocrx_word' id='word_1_184' title='bbox 157 3213 209 3250; x_wconf 87' lang='lat' dir='ltr'>om.</span> <span class='ocrx_word' id='word_1_185' title='bbox 228 3195 268 3257; x_wconf 85' lang='grc'>2,·</span> <span class='ocrx_word' id='word_1_186' title='bbox 289 3194 416 3268; x_wconf 87' lang='lat' dir='ltr'>prodest,</span> <span class='ocrx_word' id='word_1_187' title='bbox 439 3195 593 3268; x_wconf 89' lang='lat' dir='ltr'>quicunque</span> <span class='ocrx_word' id='word_1_188' title='bbox 616 3194 712 3250; x_wconf 87' lang='lat' dir='ltr'>obesse</span> <span class='ocrx_word' id='word_1_189' title='bbox 735 3210 789 3250; x_wconf 91' lang='lat' dir='ltr'>non</span> <span class='ocrx_word' id='word_1_190' title='bbox 811 3193 876 3256; x_wconf 90' lang='lat' dir='ltr'>vult,</span> <span class='ocrx_word' id='word_1_191' title='bbox 899 3210 960 3249; x_wconf 90' lang='lat' dir='ltr'>eum</span> <span class='ocrx_word' id='word_1_192' title='bbox 981 3199 1074 3266; x_wconf 89' lang='lat' dir='ltr'>potest</span> <span class='ocrx_word' id='word_1_193' title='bbox 1095 3194 1203 3248; x_wconf 83' lang='lat' dir='ltr'>Gruter</span> 
     </span>
     <span class='ocr_line' id='line_1_27' title="bbox 157 3269 1216 3352; baseline -0.001 -16"><span class='ocrx_word' id='word_1_194' title='bbox 157 3279 221 3336; x_wconf 85' lang='lat'>530</span> <span class='ocrx_word' id='word_1_195' title='bbox 242 3278 367 3334; x_wconf 84' lang='lat' dir='ltr'>concedis</span> <span class='ocrx_word' id='word_1_196' title='bbox 383 3278 501 3352; x_wconf 83' lang='lat' dir='ltr'>Inpolst.</span> <span class='ocrx_word' id='word_1_197' title='bbox 519 3287 548 3335; x_wconf 85' lang='lat' dir='ltr'>et</span> <span class='ocrx_word' id='word_1_198' title='bbox 564 3269 604 3351; x_wconf 81' lang='lat' dir='ltr'>ef.</span> <span class='ocrx_word' id='word_1_199' title='bbox 622 3298 644 3335; x_wconf 87' lang='lat' dir='ltr'>e.</span> <span class='ocrx_word' id='word_1_200' title='bbox 662 3278 723 3335; x_wconf 91' lang='grc'>512</span> <span class='ocrx_word' id='word_1_201' title='bbox 810 3272 905 3333; x_wconf 71' lang='grc'>*11111</span> <span class='ocrx_word' id='word_1_202' title='bbox 929 3277 975 3332; x_wconf 87' lang='lat' dir='ltr'>das</span> <span class='ocrx_word' id='word_1_203' title='bbox 992 3279 1032 3342; x_wconf 86' lang='grc'>2,·</span> <span class='ocrx_word' id='word_1_204' title='bbox 1055 3277 1095 3349; x_wconf 79' lang='lat' dir='ltr'>ef.</span> <span class='ocrx_word' id='word_1_205' title='bbox 1109 3296 1158 3350; x_wconf 75' lang='lat' dir='ltr'>pp.</span> <span class='ocrx_word' id='word_1_206' title='bbox 1175 3278 1216 3335; x_wconf 87' lang='grc'>60</span> 
     </span>
     <span class='ocr_line' id='line_1_28' title="bbox 158 3362 1299 3442; baseline -0.003 -21"><span class='ocrx_word' id='word_1_207' title='bbox 158 3363 220 3421; x_wconf 88' lang='grc'>532</span> <span class='ocrx_word' id='word_1_208' title='bbox 243 3364 321 3419; x_wconf 84' lang='lat' dir='ltr'>nimis</span> <span class='ocrx_word' id='word_1_209' title='bbox 337 3363 404 3418; x_wconf 88' lang='lat' dir='ltr'>nulli</span> <span class='ocrx_word' id='word_1_210' title='bbox 421 3366 542 3420; x_wconf 86' lang='lat' dir='ltr'>Gruter.-</span> <span class='ocrx_word' id='word_1_211' title='bbox 565 3365 674 3419; x_wconf 89' lang='lat' dir='ltr'>nimium</span> <span class='ocrx_word' id='word_1_212' title='bbox 691 3364 773 3419; x_wconf 84' lang='grc'>11112</span> <span class='ocrx_word' id='word_1_213' title='bbox 862 3362 923 3419; x_wconf 94' lang='grc'>534</span> <span class='ocrx_word' id='word_1_214' title='bbox 945 3371 1011 3436; x_wconf 88' lang='lat' dir='ltr'>pote</span> <span class='ocrx_word' id='word_1_215' title='bbox 1027 3405 1034 3417; x_wconf 92' lang='lat'>.</span> <span class='ocrx_word' id='word_1_216' title='bbox 1053 3404 1059 3417; x_wconf 92' lang='lat'>.</span> <span class='ocrx_word' id='word_1_217' title='bbox 1078 3405 1084 3417; x_wconf 94' lang='lat'>.</span> <span class='ocrx_word' id='word_1_218' title='bbox 1100 3372 1166 3442; x_wconf 75' lang='lat' dir='ltr'>pote</span> <span class='ocrx_word' id='word_1_219' title='bbox 1182 3363 1299 3434; x_wconf 79' lang='lat' dir='ltr'>Gruter,</span> 
     </span>
     <span class='ocr_line' id='line_1_29' title="bbox 155 3441 1299 3524; baseline -0.002 -19"><span class='ocrx_word' id='word_1_220' title='bbox 155 3457 186 3505; x_wconf 90' lang='lat' dir='ltr'>ut</span> <span class='ocrx_word' id='word_1_221' title='bbox 210 3441 325 3524; x_wconf 54' lang='grc'>15271</span> <span class='ocrx_word' id='word_1_222' title='bbox 349 3457 441 3520; x_wconf 87' lang='lat' dir='ltr'>potest</span> <span class='ocrx_word' id='word_1_223' title='bbox 458 3491 464 3504; x_wconf 87' lang='lat'>.</span> <span class='ocrx_word' id='word_1_224' title='bbox 483 3492 489 3507; x_wconf 93' lang='lat'>.</span> <span class='ocrx_word' id='word_1_225' title='bbox 507 3492 513 3504; x_wconf 94' lang='lat'>.</span> <span class='ocrx_word' id='word_1_226' title='bbox 531 3457 623 3522; x_wconf 86' lang='lat' dir='ltr'>potest</span> <span class='ocrx_word' id='word_1_227' title='bbox 640 3451 669 3504; x_wconf 84' lang='lat' dir='ltr'><em>F</em></span> <span class='ocrx_word' id='word_1_228' title='bbox 765 3446 826 3504; x_wconf 87' lang='grc'>535</span> <span class='ocrx_word' id='word_1_229' title='bbox 849 3447 942 3521; x_wconf 82' lang='lat' dir='ltr'>culpae</span> <span class='ocrx_word' id='word_1_230' title='bbox 963 3449 1018 3521; x_wconf 81' lang='lat' dir='ltr'>ign.</span> <span class='ocrx_word' id='word_1_231' title='bbox 1041 3447 1086 3502; x_wconf 92' lang='lat' dir='ltr'>uni</span> <span class='ocrx_word' id='word_1_232' title='bbox 1106 3448 1228 3503; x_wconf 84' lang='lat' dir='ltr'>Gruter.-</span> <span class='ocrx_word' id='word_1_233' title='bbox 1253 3449 1299 3503; x_wconf 88' lang='lat' dir='ltr'>uni</span> 
     </span>
     <span class='ocr_line' id='line_1_30' title="bbox 156 3527 1298 3606; baseline -0.003 -17"><span class='ocrx_word' id='word_1_234' title='bbox 156 3552 179 3589; x_wconf 91' lang='lat' dir='ltr'>e.</span> <span class='ocrx_word' id='word_1_235' title='bbox 203 3535 258 3606; x_wconf 76' lang='lat' dir='ltr'>ign.</span> <span class='ocrx_word' id='word_1_236' title='bbox 277 3535 312 3604; x_wconf 83' lang='lat' dir='ltr'>F,</span> <span class='ocrx_word' id='word_1_237' title='bbox 328 3535 407 3588; x_wconf 87' lang='lat' dir='ltr'>unius</span> <span class='ocrx_word' id='word_1_238' title='bbox 423 3552 446 3588; x_wconf 91' lang='grc'>1.</span> <span class='ocrx_word' id='word_1_239' title='bbox 462 3535 478 3589; x_wconf 85' lang='grc'>1.</span> <span class='ocrx_word' id='word_1_240' title='bbox 495 3533 671 3590; x_wconf 78' lang='lat' dir='ltr'>Ribbeekius</span> <span class='ocrx_word' id='word_1_241' title='bbox 717 3589 721 3603; x_wconf 77' lang='grc'><strong><em>,</em></strong></span> <span class='ocrx_word' id='word_1_242' title='bbox 757 3533 817 3590; x_wconf 89' lang='grc'>536</span> <span class='ocrx_word' id='word_1_243' title='bbox 841 3527 965 3606; x_wconf 79' lang='lat' dir='ltr'>*probis</span> <span class='ocrx_word' id='word_1_244' title='bbox 988 3548 1079 3604; x_wconf 71' lang='lat' dir='ltr'>sepp:</span> <span class='ocrx_word' id='word_1_245' title='bbox 1101 3531 1228 3605; x_wconf 89' lang='lat' dir='ltr'>quicquid</span> <span class='ocrx_word' id='word_1_246' title='bbox 1250 3533 1298 3586; x_wconf 84' lang='lat' dir='ltr'>irn-</span> 
     </span>
     <span class='ocr_line' id='line_1_31' title="bbox 155 3615 1299 3692; baseline -0.003 -19"><span class='ocrx_word' id='word_1_247' title='bbox 155 3617 249 3692; x_wconf 89' lang='lat' dir='ltr'>probis</span> <span class='ocrx_word' id='word_1_248' title='bbox 270 3634 309 3674; x_wconf 84' lang='lat' dir='ltr'>er.</span> <span class='ocrx_word' id='word_1_249' title='bbox 325 3618 404 3673; x_wconf 84' lang='lat' dir='ltr'>datur</span> <span class='ocrx_word' id='word_1_250' title='bbox 419 3617 511 3690; x_wconf 87' lang='lat' dir='ltr'>probis</span> <span class='ocrx_word' id='word_1_251' title='bbox 527 3621 567 3682; x_wconf 87' lang='grc'>2,·</span> <span class='ocrx_word' id='word_1_252' title='bbox 590 3637 640 3674; x_wconf 90' lang='lat' dir='ltr'>om.</span> <span class='ocrx_word' id='word_1_253' title='bbox 658 3621 790 3674; x_wconf 81' lang='lat' dir='ltr'>editores.</span> <span class='ocrx_word' id='word_1_254' title='bbox 835 3617 879 3688; x_wconf 88' lang='lat' dir='ltr'>Gs.</span> <span class='ocrx_word' id='word_1_255' title='bbox 896 3618 1071 3672; x_wconf 84' lang='lat' dir='ltr'>Pseudoserr.</span> <span class='ocrx_word' id='word_1_256' title='bbox 1088 3619 1122 3671; x_wconf 83' lang='lat' dir='ltr'>de</span> <span class='ocrx_word' id='word_1_257' title='bbox 1138 3633 1209 3670; x_wconf 87' lang='lat' dir='ltr'>mor.</span> <span class='ocrx_word' id='word_1_258' title='bbox 1230 3615 1299 3688; x_wconf 78' lang='lat'>114,</span> 
     </span>
     <span class='ocr_line' id='line_1_32' title="bbox 156 3694 1302 3780; baseline -0.002 -21"><span class='ocrx_word' id='word_1_259' title='bbox 156 3703 309 3759; x_wconf 82' lang='lat' dir='ltr'>Cleobulus</span> <span class='ocrx_word' id='word_1_260' title='bbox 331 3705 412 3774; x_wconf 82' lang='lat' dir='ltr'>apud</span> <span class='ocrx_word' id='word_1_261' title='bbox 430 3703 601 3774; x_wconf 76' lang='lat' dir='ltr'>Ausonium,</span> <span class='ocrx_word' id='word_1_262' title='bbox 632 3703 690 3760; x_wconf 89' lang='lat' dir='ltr'>VII</span> <span class='ocrx_word' id='word_1_263' title='bbox 703 3703 771 3774; x_wconf 86' lang='lat' dir='ltr'>Sap.</span> <span class='ocrx_word' id='word_1_264' title='bbox 869 3701 929 3757; x_wconf 86' lang='grc'>537</span> <span class='ocrx_word' id='word_1_265' title='bbox 953 3699 1078 3755; x_wconf 77' lang='lat' dir='ltr'>sunnon</span> <span class='ocrx_word' id='word_1_266' title='bbox 1100 3694 1128 3774; x_wconf 85' lang='lat' dir='ltr'>(i.</span> <span class='ocrx_word' id='word_1_267' title='bbox 1145 3715 1168 3780; x_wconf 84' lang='lat' dir='ltr'>e.</span> <span class='ocrx_word' id='word_1_268' title='bbox 1191 3717 1227 3756; x_wconf 85' lang='lat' dir='ltr'>ne</span> <span class='ocrx_word' id='word_1_269' title='bbox 1247 3703 1302 3757; x_wconf 88' lang='lat' dir='ltr'>sibi</span> 
     </span>
     <span class='ocr_line' id='line_1_33' title="bbox 155 3783 1298 3861; baseline -0.002 -17"><span class='ocrx_word' id='word_1_270' title='bbox 155 3786 278 3861; x_wconf 83' lang='lat' dir='ltr'>quidem)</span> <span class='ocrx_word' id='word_1_271' title='bbox 294 3789 335 3842; x_wconf 85' lang='grc'>2.·</span> <span class='ocrx_word' id='word_1_272' title='bbox 357 3787 406 3842; x_wconf 84' lang='lat' dir='ltr'>sibi</span> <span class='ocrx_word' id='word_1_273' title='bbox 423 3789 530 3844; x_wconf 89' lang='lat' dir='ltr'>minime</span> <span class='ocrx_word' id='word_1_274' title='bbox 548 3790 579 3859; x_wconf 87' lang='lat' dir='ltr'>T,</span> <span class='ocrx_word' id='word_1_275' title='bbox 601 3787 650 3843; x_wconf 88' lang='lat' dir='ltr'>sibi</span> <span class='ocrx_word' id='word_1_276' title='bbox 673 3786 754 3842; x_wconf 89' lang='lat' dir='ltr'>modo</span> <span class='ocrx_word' id='word_1_277' title='bbox 770 3790 843 3843; x_wconf 86' lang='lat' dir='ltr'>coni.</span> <span class='ocrx_word' id='word_1_278' title='bbox 860 3787 967 3842; x_wconf 91' lang='lat' dir='ltr'>Gruter</span> <span class='ocrx_word' id='word_1_279' title='bbox 982 3789 1046 3843; x_wconf 85' lang='lat' dir='ltr'>coll.</span> <span class='ocrx_word' id='word_1_280' title='bbox 1062 3783 1223 3842; x_wconf 83' lang='lat' dir='ltr'>Menandri</span> <span class='ocrx_word' id='word_1_281' title='bbox 1236 3785 1298 3842; x_wconf 88' lang='lat' dir='ltr'>Mo-</span> 
     </span>
     <span class='ocr_line' id='line_1_34' title="bbox 155 3859 1329 3947; baseline -0.003 -18"><span class='ocrx_word' id='word_1_282' title='bbox 155 3879 229 3930; x_wconf 84' lang='lat' dir='ltr'>rrost.</span> <span class='ocrx_word' id='word_1_283' title='bbox 246 3873 306 3928; x_wconf 88' lang='lat'>585</span> <span class='ocrx_word' id='word_1_284' title='bbox 327 3859 409 3926; x_wconf 68' lang='grc' dir='ltr'><em>τοῦτ’</em></span> <span class='ocrx_word' id='word_1_285' title='bbox 432 3864 494 3928; x_wconf 74' lang='grc' dir='ltr'><strong><em>ἐστι’</em></strong></span> <span class='ocrx_word' id='word_1_286' title='bbox 513 3861 544 3928; x_wconf 79' lang='grc' dir='ltr'>τὸ</span> <span class='ocrx_word' id='word_1_287' title='bbox 567 3869 620 3946; x_wconf 80' lang='grc' dir='ltr'>ζῆν</span> <span class='ocrx_word' id='word_1_288' title='bbox 634 3863 674 3946; x_wconf 80' lang='grc' dir='ltr'>μὴ</span> <span class='ocrx_word' id='word_1_289' title='bbox 690 3868 803 3947; x_wconf 70' lang='grc' dir='ltr'><em>σεαυτῷ</em></span> <span class='ocrx_word' id='word_1_290' title='bbox 820 3867 874 3942; x_wconf 68' lang='grc' dir='ltr'>ζῆν</span> <span class='ocrx_word' id='word_1_291' title='bbox 889 3865 994 3946; x_wconf 83' lang='grc' dir='ltr'>μόνον;</span> <span class='ocrx_word' id='word_1_292' title='bbox 1011 3871 1043 3926; x_wconf 83' lang='lat' dir='ltr'>al.</span> <span class='ocrx_word' id='word_1_293' title='bbox 1060 3887 1124 3926; x_wconf 89' lang='lat' dir='ltr'>mer.</span> <span class='ocrx_word' id='word_1_294' title='bbox 1140 3871 1249 3927; x_wconf 78' lang='lat' dir='ltr'>Bothe.-</span> <span class='ocrx_word' id='word_1_295' title='bbox 1264 3888 1298 3926; x_wconf 90' lang='lat' dir='ltr'>m.</span> <span class='ocrx_word' id='word_1_296' title='bbox 1328 3882 1329 3885; x_wconf 73' lang='grc'>’</span> 
     </span>
     <span class='ocr_line' id='line_1_35' title="bbox 155 3954 1297 4031; baseline -0.001 -20"><span class='ocrx_word' id='word_1_297' title='bbox 155 3957 224 4012; x_wconf 75' lang='grc'>112</span> <span class='ocrx_word' id='word_1_298' title='bbox 293 3974 357 4012; x_wconf 87' lang='lat' dir='ltr'>mer.</span> <span class='ocrx_word' id='word_1_299' title='bbox 374 3958 465 4013; x_wconf 88' lang='lat' dir='ltr'>multis</span> <span class='ocrx_word' id='word_1_300' title='bbox 482 3957 658 4015; x_wconf 86' lang='lat' dir='ltr'>occumbitR</span> <span class='ocrx_word' id='word_1_301' title='bbox 736 3956 796 4013; x_wconf 88' lang='grc'>539</span> <span class='ocrx_word' id='word_1_302' title='bbox 819 3966 924 4031; x_wconf 83' lang='lat' dir='ltr'>spectat</span> <span class='ocrx_word' id='word_1_303' title='bbox 940 3957 1048 4013; x_wconf 88' lang='lat' dir='ltr'>Gruter</span> <span class='ocrx_word' id='word_1_304' title='bbox 1126 3954 1188 4011; x_wconf 90' lang='grc'>540</span> <span class='ocrx_word' id='word_1_305' title='bbox 1211 3955 1255 4027; x_wconf 79' lang='lat' dir='ltr'>Cf.</span> <span class='ocrx_word' id='word_1_306' title='bbox 1273 3975 1297 4011; x_wconf 84' lang='lat' dir='ltr'>v.</span> 
     </span>
     <span class='ocr_line' id='line_1_36' title="bbox 159 4040 1298 4116; baseline -0.004 -19"><span class='ocrx_word' id='word_1_307' title='bbox 159 4040 221 4102; x_wconf 83' lang='grc'>524</span> <span class='ocrx_word' id='word_1_308' title='bbox 309 4041 367 4098; x_wconf 88' lang='grc'>541</span> <span class='ocrx_word' id='word_1_309' title='bbox 392 4051 457 4114; x_wconf 87' lang='lat' dir='ltr'>pote</span> <span class='ocrx_word' id='word_1_310' title='bbox 471 4043 594 4099; x_wconf 85' lang='lat' dir='ltr'>Gruter:</span> <span class='ocrx_word' id='word_1_311' title='bbox 615 4044 751 4116; x_wconf 82' lang='lat' dir='ltr'>potestF</span> <span class='ocrx_word' id='word_1_312' title='bbox 834 4044 938 4114; x_wconf 88' lang='lat' dir='ltr'>vitium,</span> <span class='ocrx_word' id='word_1_313' title='bbox 954 4043 1047 4097; x_wconf 91' lang='lat' dir='ltr'>vitium</span> <span class='ocrx_word' id='word_1_314' title='bbox 1064 4041 1185 4096; x_wconf 87' lang='lat' dir='ltr'>Gruter:</span> <span class='ocrx_word' id='word_1_315' title='bbox 1206 4040 1298 4095; x_wconf 90' lang='lat' dir='ltr'>vitium</span> 
     </span>
     <span class='ocr_line' id='line_1_37' title="bbox 155 4126 1298 4200; baseline -0.003 -18"><span class='ocrx_word' id='word_1_316' title='bbox 155 4128 197 4190; x_wconf 91' lang='grc'>2,·</span> <span class='ocrx_word' id='word_1_317' title='bbox 219 4127 265 4200; x_wconf 89' lang='lat' dir='ltr'>qui</span> <span class='ocrx_word' id='word_1_318' title='bbox 281 4142 335 4181; x_wconf 89' lang='lat' dir='ltr'>nou</span> <span class='ocrx_word' id='word_1_319' title='bbox 350 4135 442 4199; x_wconf 82' lang='lat' dir='ltr'>potest</span> <span class='ocrx_word' id='word_1_320' title='bbox 457 4146 480 4184; x_wconf 92' lang='grc'>1.</span> <span class='ocrx_word' id='word_1_321' title='bbox 497 4147 521 4182; x_wconf 94' lang='lat' dir='ltr'>v.</span> <span class='ocrx_word' id='word_1_322' title='bbox 539 4145 594 4183; x_wconf 90' lang='lat' dir='ltr'>non</span> <span class='ocrx_word' id='word_1_323' title='bbox 610 4128 629 4182; x_wconf 83' lang='lat' dir='ltr'>f.</span> <span class='ocrx_word' id='word_1_324' title='bbox 648 4129 679 4184; x_wconf 86' lang='lat' dir='ltr'>G.</span> <span class='ocrx_word' id='word_1_325' title='bbox 693 4126 796 4200; x_wconf 73' lang='lat' dir='ltr'>Meyer</span> <span class='ocrx_word' id='word_1_326' title='bbox 883 4126 944 4184; x_wconf 90' lang='grc'>542</span> <span class='ocrx_word' id='word_1_327' title='bbox 968 4128 1079 4182; x_wconf 82' lang='lat' dir='ltr'>tetidem</span> <span class='ocrx_word' id='word_1_328' title='bbox 1096 4127 1189 4181; x_wconf 85' lang='lat' dir='ltr'>verbis</span> <span class='ocrx_word' id='word_1_329' title='bbox 1204 4127 1298 4181; x_wconf 82' lang='lat' dir='ltr'>cedere</span> 
     </span>
     <span class='ocr_line' id='line_1_38' title="bbox 154 4209 1297 4285; baseline -0.003 -19"><span class='ocrx_word' id='word_1_330' title='bbox 154 4230 188 4284; x_wconf 83' lang='lat' dir='ltr'>rr,</span> <span class='ocrx_word' id='word_1_331' title='bbox 205 4212 251 4285; x_wconf 92' lang='lat' dir='ltr'>qui</span> <span class='ocrx_word' id='word_1_332' title='bbox 265 4211 317 4266; x_wconf 72' lang='lat' dir='ltr'>ino.</span> <span class='ocrx_word' id='word_1_333' title='bbox 335 4211 396 4284; x_wconf 87' lang='lat' dir='ltr'>pius</span> <span class='ocrx_word' id='word_1_334' title='bbox 414 4222 432 4268; x_wconf 85' lang='grc'>1,</span> <span class='ocrx_word' id='word_1_335' title='bbox 448 4215 552 4285; x_wconf 84' lang='lat' dir='ltr'>eapitur</span> <span class='ocrx_word' id='word_1_336' title='bbox 568 4214 654 4267; x_wconf 90' lang='lat' dir='ltr'>minus</span> <span class='ocrx_word' id='word_1_337' title='bbox 674 4214 705 4284; x_wconf 86' lang='lat' dir='ltr'>T,</span> <span class='ocrx_word' id='word_1_338' title='bbox 720 4214 767 4285; x_wconf 90' lang='lat' dir='ltr'>qui</span> <span class='ocrx_word' id='word_1_339' title='bbox 784 4220 800 4267; x_wconf 93' lang='lat' dir='ltr'>t.</span> <span class='ocrx_word' id='word_1_340' title='bbox 818 4213 835 4268; x_wconf 90' lang='grc'>1.</span> <span class='ocrx_word' id='word_1_341' title='bbox 851 4229 875 4267; x_wconf 93' lang='lat'>0.</span> <span class='ocrx_word' id='word_1_342' title='bbox 892 4229 919 4272; x_wconf 87' lang='lat' dir='ltr'>n.</span> <span class='ocrx_word' id='word_1_343' title='bbox 935 4213 953 4266; x_wconf 89' lang='lat' dir='ltr'>i.</span> <span class='ocrx_word' id='word_1_344' title='bbox 971 4212 1087 4276; x_wconf 80' lang='lat' dir='ltr'>Gruter.</span> <span class='ocrx_word' id='word_1_345' title='bbox 1125 4209 1167 4281; x_wconf 78' lang='lat' dir='ltr'>Gs.</span> <span class='ocrx_word' id='word_1_346' title='bbox 1185 4227 1209 4264; x_wconf 86' lang='lat' dir='ltr'>e.</span> <span class='ocrx_word' id='word_1_347' title='bbox 1229 4209 1297 4265; x_wconf 94' lang='grc'>116.</span> 
     </span>
     <span class='ocr_line' id='line_1_39' title="bbox 156 4290 1298 4370; baseline -0.005 -16"><span class='ocrx_word' id='word_1_348' title='bbox 156 4297 215 4354; x_wconf 91' lang='grc'>607</span> <span class='ocrx_word' id='word_1_349' title='bbox 304 4295 365 4352; x_wconf 90' lang='grc'>544</span> <span class='ocrx_word' id='word_1_350' title='bbox 389 4297 431 4370; x_wconf 81' lang='lat' dir='ltr'>Of.</span> <span class='ocrx_word' id='word_1_351' title='bbox 450 4318 475 4355; x_wconf 87' lang='lat' dir='ltr'>v.</span> <span class='ocrx_word' id='word_1_352' title='bbox 493 4299 551 4354; x_wconf 90' lang='grc'>661</span> <span class='ocrx_word' id='word_1_353' title='bbox 570 4306 597 4352; x_wconf 87' lang='lat' dir='ltr'>et</span> <span class='ocrx_word' id='word_1_354' title='bbox 613 4297 697 4354; x_wconf 84' lang='lat' dir='ltr'>Gcee.</span> <span class='ocrx_word' id='word_1_355' title='bbox 716 4296 800 4354; x_wconf 79' lang='lat' dir='ltr'>Bate.</span> <span class='ocrx_word' id='word_1_356' title='bbox 816 4296 895 4354; x_wconf 87' lang='lat' dir='ltr'>Mon.</span> <span class='ocrx_word' id='word_1_357' title='bbox 914 4297 963 4366; x_wconf 87' lang='lat'>18,</span> <span class='ocrx_word' id='word_1_358' title='bbox 981 4314 1028 4368; x_wconf 80' lang='lat' dir='ltr'>pp.</span> <span class='ocrx_word' id='word_1_359' title='bbox 1046 4295 1084 4350; x_wconf 90' lang='grc'>26</span> <span class='ocrx_word' id='word_1_360' title='bbox 1106 4290 1213 4349; x_wconf 76' lang='lat' dir='ltr'>‘Parere</span> <span class='ocrx_word' id='word_1_361' title='bbox 1229 4293 1298 4348; x_wconf 86' lang='lat' dir='ltr'>scire</span> 
     </span>
     <span class='ocr_line' id='line_1_40' title="bbox 157 4379 1301 4456; baseline -0.003 -19"><span class='ocrx_word' id='word_1_362' title='bbox 157 4399 218 4437; x_wconf 85' lang='lat' dir='ltr'>curu</span> <span class='ocrx_word' id='word_1_363' title='bbox 241 4383 391 4454; x_wconf 81' lang='lat' dir='ltr'>imperante</span> <span class='ocrx_word' id='word_1_364' title='bbox 412 4383 530 4456; x_wconf 84' lang='lat' dir='ltr'>aequalis</span> <span class='ocrx_word' id='word_1_365' title='bbox 552 4391 593 4437; x_wconf 88' lang='lat' dir='ltr'>est</span> <span class='ocrx_word' id='word_1_366' title='bbox 614 4383 712 4455; x_wconf 81' lang='lat' dir='ltr'>gloriu’</span> <span class='ocrx_word' id='word_1_367' title='bbox 819 4380 879 4437; x_wconf 88' lang='grc'>545</span> <span class='ocrx_word' id='word_1_368' title='bbox 902 4383 960 4453; x_wconf 87' lang='lat' dir='ltr'>ipsc</span> <span class='ocrx_word' id='word_1_369' title='bbox 981 4382 1144 4436; x_wconf 84' lang='lat' dir='ltr'>Beutteius:</span> <span class='ocrx_word' id='word_1_370' title='bbox 1165 4379 1251 4451; x_wconf 88' lang='lat' dir='ltr'>ipsum</span> <span class='ocrx_word' id='word_1_371' title='bbox 1273 4380 1301 4433; x_wconf 92' lang='grc'>2</span> 
     </span>
     <span class='ocr_line' id='line_1_41' title="bbox 240 4461 1295 4540; baseline -0.002 -19"><span class='ocrx_word' id='word_1_372' title='bbox 240 4465 300 4521; x_wconf 91' lang='grc'>547</span> <span class='ocrx_word' id='word_1_373' title='bbox 324 4461 438 4538; x_wconf 79' lang='lat' dir='ltr'>*quam</span> <span class='ocrx_word' id='word_1_374' title='bbox 460 4468 522 4522; x_wconf 83' lang='lat' dir='ltr'>felix</span> <span class='ocrx_word' id='word_1_375' title='bbox 544 4474 608 4523; x_wconf 81' lang='lat' dir='ltr'>etc:</span> <span class='ocrx_word' id='word_1_376' title='bbox 630 4484 707 4540; x_wconf 84' lang='lat' dir='ltr'>quam</span> <span class='ocrx_word' id='word_1_377' title='bbox 731 4474 772 4522; x_wconf 90' lang='lat' dir='ltr'>est</span> <span class='ocrx_word' id='word_1_378' title='bbox 794 4467 812 4522; x_wconf 83' lang='lat' dir='ltr'>s.</span> <span class='ocrx_word' id='word_1_379' title='bbox 834 4485 858 4520; x_wconf 94' lang='lat' dir='ltr'>v.</span> <span class='ocrx_word' id='word_1_380' title='bbox 880 4482 948 4538; x_wconf 83' lang='lat' dir='ltr'>quae</span> <span class='ocrx_word' id='word_1_381' title='bbox 969 4466 1026 4520; x_wconf 88' lang='lat' dir='ltr'>sine</span> <span class='ocrx_word' id='word_1_382' title='bbox 1048 4482 1075 4520; x_wconf 90' lang='lat' dir='ltr'>n.</span> <span class='ocrx_word' id='word_1_383' title='bbox 1094 4471 1112 4518; x_wconf 88' lang='lat' dir='ltr'>t.</span> <span class='ocrx_word' id='word_1_384' title='bbox 1129 4465 1170 4519; x_wconf 90' lang='grc'>2·</span> <span class='ocrx_word' id='word_1_385' title='bbox 1192 4481 1218 4536; x_wconf 87' lang='lat' dir='ltr'>q.</span> <span class='ocrx_word' id='word_1_386' title='bbox 1237 4463 1254 4518; x_wconf 84' lang='lat' dir='ltr'>i.</span> <span class='ocrx_word' id='word_1_387' title='bbox 1272 4482 1295 4519; x_wconf 91' lang='lat' dir='ltr'>v.</span> 
     </span>
    </p>
   </div>
   <div class='ocr_carea' id='block_1_5' title="bbox 0 0 1618 5184">
    <p class='ocr_par' dir='ltr' id='par_1_5' title="bbox 0 0 1618 5184">
     <span class='ocr_line' id='line_1_42' title="bbox 0 0 1618 5184; baseline 0 4"><span class='ocrx_word' id='word_1_388' title='bbox 0 0 1618 5184; x_wconf 95' lang='lat' dir='ltr'> </span> 
     </span>
    </p>
   </div>
  </div>
 </body>
</html>
