3252 5180
580 469 852 517 rnonnaorurus.
1248 457 1287 518 21

232 623 302 687 Hos
333 622 460 687 codices
490 623 519 687 si
546 623 633 687 inter
660 645 695 688 se
724 645 910 710 comparare
938 622 1036 706 velis,
1066 623 1190 710 duplex
1218 646 1289 689 esse

142 737 254 814 potest
276 723 478 812 ponderandi
500 725 593 807 ratio,
617 726 852 790 sententiamm
874 725 946 792 sive
964 727 1090 811 copiam
1113 727 1184 790 sive
1205 726 1287 790 inte·
1347 744 1349 748 ’

143 829 299 912 gritatem
322 826 532 912 spectaveris.

230 929 282 992 Ao
303 927 450 1014 plerique
473 925 615 1012 quidem,
639 950 720 1013 quos
744 929 814 1014 ipse
832 928 903 992 vidi
920 927 1010 1012 (sunt
1024 938 1134 993 autem
1148 927 1288 1016 amplius

144 1030 296 1114 viginti),
325 1031 404 1093 item
432 1029 550 1113 quibus
578 1027 720 1094 editores
746 1030 798 1093 usi
827 1038 903 1094 sunt
930 1038 1056 1094 tantum
1078 1051 1143 1094 non
1165 1052 1287 1112 omnes,

142 1131 350 1218 paucissimis
372 1130 521 1216 exceptis
544 1130 674 1194 easdem
697 1130 766 1194 fere
788 1131 956 1196 continent
975 1131 1152 1195 sententias
1169 1153 1289 1217 easque

143 1254 224 1296 vere
245 1231 464 1312 Publilianas,
494 1253 577 1317 quae
599 1232 760 1319 incipiunt
782 1254 802 1295 a
824 1231 942 1298 litteris
964 1231 1086 1296 A—M
1103 1232 1146 1296 ad
1168 1232 1287 1297 ducen-

142 1345 194 1399 tas
218 1334 463 1420 quinquaginta,
482 1342 620 1398 'nostrae
643 1334 796 1399 editionis
820 1357 851 1399 v.
876 1357 908 1398 v.
933 1334 1036 1399 1-34
1059 1333 1138 1418 (A),
1161 1334 1287 1399 44-78

98 1489 105 1502 ,
143 1435 218 1520 (Β),
234 1434 381 1501 85-105
398 1434 464 1520 (Ο),
486 1434 648 1500 123-138
665 1434 740 1520 (1)),
759 1435 924 1501 147-162
941 1436 1013 1522 (Ε),
1033 1435 1199 1500 166-192
1214 1435 1287 1521 (F),

146 1537 313 1601 194-202
336 1536 412 1619 (G),
435 1535 605 1601 203-223
628 1533 713 1622 (Η),
736 1536 906 1602 230-263
930 1537 1001 1622 (J),
1023 1535 1191 1600 291--301
1216 1535 1287 1618 (L),

142 1638 314 1703 309-340
340 1637 427 1722 (Μ),
457 1636 585 1701 litterae
610 1637 649 1701 N
673 1637 801 1718 decem,
829 1638 1015 1719 att-386,
1047 1658 1183 1722 quarum
1213 1635 1286 1701 ulti-

144 1749 261 1804 maest

353 1856 503 1940 Neqaadt
524 1877 622 1921 consu
644 1879 742 1922 uuum
764 1879 939 1940 numquam
961 1858 1079 1942 deficit:

143 2027 264 2092 deinde
285 2027 327 2091 ad
351 2025 530 2114 explendas
553 2025 678 2091 litteras
701 2025 818 2092 N—V
835 2027 963 2092 circiter
985 2035 1114 2091 centum
1130 2028 1286 2112 quinqua-

142 2132 237 2216 ginta
259 2129 437 2194 sententias
461 2149 502 2192 ex
524 2128 790 2193 Pseudosenecae
807 2128 891 2198 libro
908 2129 948 2193 de
964 2128 1119 2212 moribus,
1142 2129 1287 2214 pleniore

142 2232 233 2314 olim,
256 2253 352 2317 quam
374 2251 460 2295 nunc
482 2229 718 2311 circumfertur,
741 2230 881 2294 fortasse
904 2231 1001 2294 etiam
1022 2228 1155 2292 aliunde
1178 2251 1305 2292 exest-s

143 2344 229 2420 ptas.
273 2333 368 2396 Patet
390 2333 492 2416 igitur
513 2331 642 2396 saeculo
664 2332 733 2396 fere
756 2332 892 2418 septimo
915 2330 969 2396 vel
991 2341 1106 2396 octavo
1129 2332 1286 2417 posterio-

142 2457 212 2499 rem
234 2443 360 2521 partem
382 2433 618 2498 sententiarum
631 2431 890 2499 Publilianamm
912 2431 1128 2515 intercidisse,
1151 2454 1229 2495 mox
1243 2432 1287 2494 ad
1341 2415 1347 2428 ’

143 2536 387 2602 resarciendum
415 2534 569 2599 damnum
596 2534 727 2599 additas
755 2557 827 2599 esse
855 2534 952 2618 alias,
982 2533 1119 2600 morales
1148 2535 1226 2596 item
1255 2543 1287 2596 et

143 2639 279 2718 breves,
309 2635 367 2700 sed
393 2658 413 2699 a
436 2635 578 2700 Publilio
605 2635 740 2701 alienas.
784 2636 818 2700 Is
846 2634 993 2719 libellus,
1024 2657 1120 2723 quem
1148 2655 1286 2721 superne

143 2737 312 2804 mulierem
334 2736 507 2818 formosam
529 2739 669 2824 turpiter
690 2747 795 2803 atrum
818 2739 852 2801 in
874 2739 996 2824 piscem
1012 2736 1215 2802 desinentem
1229 2759 1285 2799 no-

143 2843 266 2923 mines,
295 2837 487 2903 incredibile
515 2849 565 2904 est
592 2840 697 2921 dictu,
726 2841 875 2926 quotiens
903 2839 1087 2926 descriptus
1113 2840 1166 2902 sit.
1211 2836 1286 2922 Quo

34 2933 37 2938 ’
142 2965 252 3031 panno
282 2949 392 3006 assuto
420 2940 543 3006 factum
566 2962 637 3006 esse
659 2950 754 3028 puto,
783 2951 818 3006 ut
840 2938 975 3004 Publilii
997 2962 1114 3004 nomen
1135 2939 1286 3004 obscura-

143 3054 234 3110 retur
257 3041 352 3106 etad
376 3042 549 3124 Senecam,
580 3064 675 3129 qucm
697 3042 776 3106 libri
799 3041 840 3106 de
860 3042 1006 3107 moribus
1028 3050 1193 3105 auctorem
1216 3062 1287 3104 csse

144 3145 252 3210 medio
279 3166 361 3208 aevo
388 3142 620 3231 perhibebant,
650 3145 793 3209 omnium
816 3144 1051 3208 sententiarum
1073 3144 1164 3228 origo
1186 3141 1285 3206 refer-

143 3257 244 3313 retur.
289 3245 376 3326 Quia
403 3255 527 3328 autem,
556 3268 652 3332 quem
680 3267 767 3310 nunc
793 3244 913 3310 librum
942 3244 1149 3311 demonibus
1177 3245 1286 3309 dicere

144 3349 384 3430 consuevimuS,
407 3348 441 3411 in
463 3346 632 3436 codicibus
653 3348 889 3434 antiquissimis
910 3346 1089 3413 Proverbia
1110 3345 1285 3432 inscriptus

145 3460 232 3531 erat,
265 3446 401 3513 Publilii
429 3471 558 3535 quoque
587 3450 821 3514 sententiarum
850 3447 950 3535 (Gell.
976 3449 1030 3531 17,
1056 3448 1109 3532 14)
1138 3446 1285 3512 collectio

143 3549 325 3617 Proverbia
346 3549 483 3614 inscribi
504 3560 618 3637 coepta
641 3559 699 3616 est.
743 3550 851 3616 Huius
874 3550 1022 3615 codicum
1043 3549 1173 3634 generis
1198 3548 1285 3612 locu-

108 3727 111 3736 ,
143 3653 320 3741 pletissimi
342 3661 442 3716 testes
465 3661 542 3716 sunt
556 3652 697 3716 Parisini
719 3650 784 3717 duo
801 3649 874 3737 (Pu
890 3660 922 3715 et
945 3650 1021 3735 Pb),
1043 3650 1284 3735 Rheinaugien-

143 3757 201 3838 sis,
220 3753 426 3824 Basiliensis.

230 3856 301 3919 Iam
328 3855 404 3920 inde
426 3877 446 3918 a
468 3854 596 3921 saeculo
624 3855 796 3921 undecimo
824 3855 886 3920 hoo
913 3855 1146 3919 sententiarum
1169 3876 1286 3941 corpus

143 3959 186 4022 ab
202 3957 276 4022 aliis
292 3957 327 4020 in
340 3956 473 4021 brevius
490 3955 667 4038 redactum,
683 3958 725 4022 ab
740 3957 826 4041 aliis,
839 3958 1031 4044 praesertim
1047 3955 1175 4022 sacculo
1188 3957 1284 4021 XIV.

143 4061 320 4125 adauctum
341 4068 400 4123 est.
438 4059 490 4122 De
511 4059 754 4123 accessionibus
778 4059 864 4123 infra
886 4058 1060 4123 dicendum
1083 4058 1158 4123 erit:
1182 4060 1283 4145 epito-

143 4183 271 4226 marum
293 4161 442 4248 exempla
464 4161 622 4248 praebent
638 4159 732 4225 codd.
749 4160 892 4227 Parisini
906 4161 990 4225 6085
1006 4169 1038 4224 et
1055 4161 1146 4224 1919.
1179 4157 1284 4224 Simili

144 4264 297 4352 epitome,
320 4261 416 4349 paulo
438 4272 547 4327 tamen
569 4261 725 4348 pleniore,
748 4286 826 4328 usus
849 4272 898 4327 est
919 4263 1113 4327 Vincentius
1135 4259 1285 4324 Bellova-

144 4366 251 4430 censis
278 4363 405 4429 saeculo
434 4364 533 4428 XIII.
580 4365 684 4428 Affert
714 4365 799 4429 onim
828 4365 862 4428 in
888 4361 982 4428 libris
1005 4363 1065 4426 IV-.
1089 4371 1121 4426 et
1143 4361 1183 4425 V.
1213 4383 1284 4448 spe-

144 4466 210 4532 culi
233 4464 433 4549 doctrinalis,
456 4467 538 4550 sive,
561 4475 598 4532 ut
619 4467 654 4531 in
676 4467 748 4534 aliis
766 4465 964 4531 editionibus
980 4472 1178 4546 numeratur,
1194 4463 1236 4529 V.
1253 4474 1285 4529 ct
