3252 5180
298 403 337 466 10
728 420 1001 468 esonaaousus.

295 570 417 635 liberae
450 575 642 638 acerrimum
675 582 949 660 propugnatorem
977 573 1149 638 Caesarem
1176 573 1366 658 offendisse,
1399 586 1437 640 ut

296 673 345 740 his
372 672 498 739 verbis:

469 785 577 853 Porro,
601 785 742 870 Quirites!
764 784 922 842 libertatem
938 785 1098 857 perdimus.

408 930 414 936 .
468 885 587 946 Necesse
608 891 648 944 661
669 887 773 944 multos
794 887 906 953 timeat,
929 903 1013 958 queue
1033 887 1118 945 multi
1139 889 1248 945 timeat.

294 1000 380 1064 unde
408 1023 472 1065 non
500 1000 605 1064 invito
629 1000 768 1063 Caesare
790 997 912 1061 factum
935 992 1020 1080 esse,
1049 1008 1085 1063 ut
1107 999 1213 1063 vietus
1238 999 1433 1082 discederet,

295 1103 365 1166 11116
393 1101 576 1187 suspiceris.
621 1099 666 1164 Et
693 1122 886 1186 quamquam
914 1099 1083 1162 infamiam
1114 1121 1263 1164 scaenam
1292 1102 1435 1185 ingressi

296 1203 380 1268 dono
407 1202 539 1283 lenivit,
568 1201 655 1289 quod
684 1223 816 1265 censum
838 1211 1022 1287 equestrem
1044 1200 1097 1265 vel
1119 1211 1303 1289 superaret,
1332 1202 1435 1267 altera

295 1315 404 1368 tamen
435 1302 561 1367 macula
592 1304 809 1391 principatus,
843 1305 938 1389 quem
965 1303 1125 1367 Laberius
1157 1304 1243 1369 inter
1271 1307 1435 1370 scaenicos

294 1417 406 1494 poetas
436 1406 636 1486 obtinuerat,
665 1403 852 1468 labefactati
880 1405 1045 1496 remansit.
1089 1405 1240 1490 Denique
1268 1428 1364 1492 quam
1387 1407 1434 1471 di-

295 1530 391 1572 versa
419 1508 518 1588 fuerit
544 1505 677 1570 Laberii
707 1516 738 1570 et
766 1504 900 1570 Publilii
927 1504 1069 1590 indoles,
1105 1530 1147 1571 ex
1176 1507 1231 1571 illo
1260 1505 1436 1572 certamine
1536 1518 1539 1525 “

296 1608 414 1673 elucet:
431 1608 609 1692 Laberium
622 1608 741 1673 litteris
758 1607 859 1672 fuisse
874 1617 985 1672 natum
1003 1607 1162 1690 videmus,
1176 1631 1310 1673 scaenae
1323 1608 1434 1674 Publi-

295 1710 390 1794 lium3
413 1708 516 1790 11111111,
539 1711 574 1773 111
597 1709 706 1774 verbis
728 1709 889 1773 novandis
904 1708 1156 1774 audacissimum
1171 1710 1309 1796 ideoque
1324 1734 1343 1774 a
1359 1711 1434 1776 Gel-

294 1811 347 1875 liis
371 1820 402 1875 et
417 1811 533 1875 Noniis
557 1811 745 1898 saepissime
768 1811 913 1894 citatum,
936 1812 1051 1875 mimos
1075 1832 1149 1874 suos
1173 1814 1207 1876 in
1229 1811 1349 1897 vulgus
1368 1811 1434 1876 edi-

295 1912 383 1977 disse
405 1914 535 1994 scimus,
558 1913 644 1995 huie,
669 1935 710 1976 ex
733 1912 830 1997 Syria
852 1911 1001 1992 advecto,
1025 1913 1078 1976 cui
1100 1934 1205 1978 sermo
1228 1899 1349 1978 latinus
1371 1936 1436 1978 non

295 2023 381 2079 esset
409 2015 534 2100 patrius
563 2023 594 2078 61
615 2014 764 2095 nativus,
792 2012 850 2076 sed
871 2014 1157 2097 grammaticorum
1171 2016 1363 2101 praeceptis
1386 2017 1434 2078 in-

295 2116 498 2198 culcatus*)‚
526 2113 609 2178 nibil
635 2114 725 2179 aliud
751 2113 853 2179 fuisse
875 2116 1076 2202 propositum
1092 2114 1309 2197 crediderim,
1340 2138 1434 2202 quam

294 2227 341 2300 ut,
365 2239 438 2280 cum
460 2218 530 2303 ipse
545 2215 753 2281 archimimus
770 2226 867 2298 esset,
890 2215 1017 2281 fabulas
1033 2217 1254 2303 spectantibus
1270 2216 1434 2304 probaret.

295 2320 409 2404 Itaque
436 2317 559 2382 facturn
588 2327 652 2399 est,
681 2328 718 2382 ut
746 2319 908 2404 pertenuis
932 2319 1002 2382 eius
1024 2320 1194 2382 mimorum
1216 2320 1372 2383 memoria
1393 2320 1435 2383 ad

294 2430 439 2507 posteros
455 2428 699 2506 propagaretur.
737 2419 874 2484 Caesare
881 2418 1024 2486 „Publilii
1039 2419 1165 2485 fautore
1180 2418 1290 2484 idibus
1305 2420 1435 2485 Martiis

294 2523 372 2585 anni
394 2521 635 2608 quadragesimi
658 2523 766 2608 quarti
788 2521 959 2586 interfecto
982 2530 1111 2608 poetam
1133 2522 1255 2586 Romae
1277 2524 1435 2586 mansisse

295 2632 327 2687 et
355 2624 486 2687 ineunte
513 2645 624 2686 mense
653 2622 762 2709 Aprili
797 2624 911 2686 mimos
939 2623 973 2686 in
1001 2623 1128 2687 theatro
1163 2623 1269 2707 egisse
1298 2623 1436 2687 tradidit

295 2725 409 2789 Cicero
438 2724 473 2788 in
501 2725 596 2810 epist.
619 2723 662 2787 ad
684 2724 784 2788 Attio.
811 2724 849 2786 14
856 2773 865 2806 ,
889 2732 907 2791 2
936 2746 973 2788 ccc
994 2727 1103 2806 priore
1130 2725 1258 2806 epistole
1280 2725 1436 2790 theutrum

291 2825 530 2907 Publiliumque
554 2825 615 2908 (616
637 2835 725 2889 16616
739 2809 883 2889 1661111111
898 2825 1047 2889 Baiterus
1064 2847 1106 2888 ox
1121 2824 1283 2910 Medioeo)
1299 2830 1434 2908 66911661,

296 2929 377 2992 boue
398 2929 491 3010 siqua
513 2928 728 2992 ccuseutieutis
749 2928 969 3004 multitudiuis,
992 2927 1038 2990 ita
1058 2937 1094 2990 ut
1109 2925 1269 2990 Publilius
1284 2927 1433 2992 ardorem

295 3027 406 3115 populi
434 3027 594 3092 libertatis
623 3027 862 3115 recuperandae
891 3027 1001 3114 eupidi
1029 3038 1157 3092 secutus
1180 3050 1251 3091 esse
1273 3028 1434 3093 videatur.

296 3129 379 3194 Oum
408 3139 517 3192 autem
539 3129 696 3193 Laberius
720 3129 845 3193 decimo
868 3151 978 3193 mense
1000 3138 1075 3215 post
1097 3129 1268 3196 Caesarem
1291 3123 1446 3194 Puteolis

295 3241 381 3295 esset
408 3239 571 3310 mortuus,
602 3229 763 3294 Publilius
791 3231 913 3296 Romae
941 3252 1092 3312 scaenam
1120 3232 1240 3313 tenuit,
1269 3233 1360 3295 6111116
1388 3234 1435 3295 161

294 3341 408 3397 auctor
430 3341 479 3395 est
494 3329 715 3420 Hieronymus
732 3333 767 3395 in
783 3331 943 3397 Chronico
965 3331 1051 3396 ada.
1069 3333 1128 3395 711
1145 3354 1176 3394 u.
1194 3353 1233 3414 6.,
1257 3331 1310 3396 vel
1325 3334 1434 3420 potius

296 3434 469 3500 Suetonius
498 3455 552 3520 pg.
576 3433 654 3518 295,
677 3435 719 3498 22
742 3433 793 3498 ed.
816 3435 940 3499 11611111.
986 3432 1126 3514 Quando
1156 3434 1258 3496 vitam
1279 3434 1434 3517 finiverit,

295 3558 360 3600 non
383 3544 520 3600 constat.

378 3635 547 3720 Insignem
580 3635 709 3700 laudem
741 3636 878 3724 adeptus
914 3645 962 3700 est
992 3634 1152 3700 Publilius
1184 3635 1339 3702 brevibus
1368 3636 1432 3701 illis

296 3738 532 3820 sententiis,
562 3737 739 3802 moralibus
768 3749 800 3821 et
828 3737 1094 3826 philosophorum
1116 3739 1298 3824 praeceptis
1322 3738 1433 3803 simili-

295 3839 366 3920 bus,
390 3839 495 3902 aeutis
517 3838 711 3926 lepidisque,
734 3863 814 3926 quas
837 3850 873 3904 ut
887 3847 1154 3923 argumentorum
1168 3839 1337 3904 lasciviam
1356 3839 1434 3904 mol·

363 4029 389 4093 *)
409 4031 441 4078 In
459 4029 600 4078 mimorum
622 4030 744 4094 prologis
764 4047 796 4080 ao
815 4029 935 4096 dialogis
952 4030 1101 4080 Laberium
1120 4030 1243 4080 imitatus
1261 4029 1348 4080 verba
1367 4046 1436 4080 eom·

295 4117 387 4179 posita
404 4115 451 4164 bie
468 4113 528 4163 illie
545 4115 648 4178 primus
666 4113 777 4164 finxisse
794 4115 916 4177 videtur,
935 4131 976 4165 ex.
995 4111 1262 4179 gr.pictuticultritc,
1281 4111 1437 4180 9166111166,

297 4200 344 4249 sed
367 4201 396 4248 in
419 4198 565 4248 sententiis
587 4213 655 4262 puro
679 4214 708 4248 se
733 4201 850 4249 sermoni
873 4199 1043 4264 adplicabat.
1079 4197 1120 4248 Of.
1142 4199 1225 4248 etiam
1247 4199 1355 4249 Plinius
1377 4205 1434 4274 nat,

295 4284 396 4347 111618,
416 4285 505 4345 §2092
525 4280 802 4333 Ρ61111111111161611
814 4286 913 4348 poetae
929 4297 1006 4346 caua,
1020 4285 1166 4348 postquam
1183 4280 1340 4334 seruitutem
1358 4298 1436 4334 escue-

295 4371 356 4430 111,
374 4366 455 4418 uultu
472 4370 639 4419 muneratur
655 4365 715 4420 siue
733 4365 891 4433 abdouiuc,
913 4366 996 4420 etium
1013 4364 1143 4421 uocabulo
1159 4365 1278 4422 suuiuis
1295 4365 1329 4418 ub
1347 4381 1376 4418 eo
1394 4366 1436 4423 iu·
1498 4431 1502 4438 ¹

291 4449 390 4518 posito.
