<?xml version="1.0" encoding="UTF-8"?>
<!DOCTYPE html PUBLIC "-//W3C//DTD XHTML 1.0 Transitional//EN"
    "http://www.w3.org/TR/xhtml1/DTD/xhtml1-transitional.dtd">
<html xmlns="http://www.w3.org/1999/xhtml" xml:lang="en" lang="en">
 <head>
  <title>
</title>
<meta http-equiv="Content-Type" content="text/html;charset=utf-8" />
  <meta name='ocr-system' content='tesseract 3.04.00' />
  <meta name='ocr-capabilities' content='ocr_page ocr_carea ocr_par ocr_line ocrx_word'/>
</head>
<body>
  <div class='ocr_page' id='page_1' title='image "./publiliisyrisen00woelgoog/publiliisyrisen00woelgoog_0061.png"; bbox 0 0 3252 5180; ppageno 0'>
   <div class='ocr_carea' id='block_1_1' title="bbox 335 461 1045 538">
    <p class='ocr_par' dir='ltr' id='par_1_1' title="bbox 335 461 1045 538">
     <span class='ocr_line' id='line_1_1' title="bbox 335 461 1045 538; baseline 0.001 -11"><span class='ocrx_word' id='word_1_1' title='bbox 335 461 377 527; x_wconf 78' lang='lat' dir='ltr'><strong>m</strong></span> <span class='ocrx_word' id='word_1_2' title='bbox 773 475 1045 538; x_wconf 72' lang='lat' dir='ltr'><strong>mantuanum.</strong></span> 
     </span>
    </p>
   </div>
   <div class='ocr_carea' id='block_1_2' title="bbox 333 629 1481 821">
    <p class='ocr_par' dir='ltr' id='par_1_2' title="bbox 333 629 1481 821">
     <span class='ocr_line' id='line_1_2' title="bbox 335 629 1481 719; baseline 0 -23"><span class='ocrx_word' id='word_1_3' title='bbox 335 655 428 696; x_wconf 92' lang='lat' dir='ltr'><strong>suum</strong></span> <span class='ocrx_word' id='word_1_4' title='bbox 444 633 586 719; x_wconf 87' lang='lat' dir='ltr'><strong>speeiem</strong></span> <span class='ocrx_word' id='word_1_5' title='bbox 600 629 829 696; x_wconf 79' lang='lat' dir='ltr'><strong>assimilarent.</strong></span> <span class='ocrx_word' id='word_1_6' title='bbox 864 631 955 713; x_wconf 78' lang='lat' dir='ltr'><strong>Quas</strong></span> <span class='ocrx_word' id='word_1_7' title='bbox 971 631 1126 696; x_wconf 83' lang='lat' dir='ltr'><strong>facillime</strong></span> <span class='ocrx_word' id='word_1_8' title='bbox 1141 652 1310 717; x_wconf 81' lang='lat' dir='ltr'>agnoscas,</span> <span class='ocrx_word' id='word_1_9' title='bbox 1333 630 1391 695; x_wconf 92' lang='lat' dir='ltr'><strong>ubi</strong></span> <span class='ocrx_word' id='word_1_10' title='bbox 1407 654 1481 696; x_wconf 83' lang='lat' dir='ltr'><strong>ver-</strong></span> 
     </span>
     <span class='ocr_line' id='line_1_3' title="bbox 333 732 1309 821; baseline -0.001 -23"><span class='ocrx_word' id='word_1_11' title='bbox 333 757 388 798; x_wconf 90' lang='lat' dir='ltr'><strong>sus</strong></span> <span class='ocrx_word' id='word_1_12' title='bbox 411 734 630 821; x_wconf 86' lang='lat' dir='ltr'><strong>interpretans</strong></span> <span class='ocrx_word' id='word_1_13' title='bbox 653 732 874 798; x_wconf 87' lang='lat' dir='ltr'><strong>Publilianum</strong></span> <span class='ocrx_word' id='word_1_14' title='bbox 896 735 1007 798; x_wconf 87' lang='lat' dir='ltr'><strong>statim</strong></span> <span class='ocrx_word' id='word_1_15' title='bbox 1030 734 1249 820; x_wconf 83' lang='lat' dir='ltr'>subsequitur,</span> <span class='ocrx_word' id='word_1_16' title='bbox 1272 741 1309 798; x_wconf 91' lang='lat' dir='ltr'><strong>ut</strong></span> 
     </span>
    </p>
   </div>
   <div class='ocr_carea' id='block_1_3' title="bbox 389 876 1379 1260">
    <p class='ocr_par' dir='ltr' id='par_1_3' title="bbox 459 876 1240 952">
     <span class='ocr_line' id='line_1_4' title="bbox 459 876 1240 952; baseline 0.005 -22"><span class='ocrx_word' id='word_1_17' title='bbox 459 883 509 931; x_wconf 79' lang='grc'><strong>304</strong></span> <span class='ocrx_word' id='word_1_18' title='bbox 529 876 593 934; x_wconf 82' lang='lat' dir='ltr'><strong>Lea</strong></span> <span class='ocrx_word' id='word_1_19' title='bbox 613 878 689 935; x_wconf 84' lang='lat' dir='ltr'><strong>uidet</strong></span> <span class='ocrx_word' id='word_1_20' title='bbox 708 879 827 946; x_wconf 85' lang='lat' dir='ltr'><strong>iratum,</strong></span> <span class='ocrx_word' id='word_1_21' title='bbox 850 879 945 936; x_wconf 84' lang='lat' dir='ltr'><strong>iratus</strong></span> <span class='ocrx_word' id='word_1_22' title='bbox 967 879 1055 952; x_wconf 74' lang='grc'><strong>10900</strong></span> <span class='ocrx_word' id='word_1_23' title='bbox 1076 895 1137 936; x_wconf 89' lang='grc'><strong>000</strong></span> <span class='ocrx_word' id='word_1_24' title='bbox 1157 878 1240 935; x_wconf 83' lang='lat' dir='ltr'><strong>uidet.</strong></span> 
     </span>
    </p>

    <p class='ocr_par' dir='ltr' id='par_1_4' title="bbox 459 977 1060 1053">
     <span class='ocr_line' id='line_1_5' title="bbox 459 977 1060 1053; baseline 0.007 -21"><span class='ocrx_word' id='word_1_25' title='bbox 459 984 509 1033; x_wconf 83' lang='grc'><strong>300</strong></span> <span class='ocrx_word' id='word_1_26' title='bbox 530 978 637 1053; x_wconf 69' lang='lat' dir='ltr'><strong>Leqem</strong></span> <span class='ocrx_word' id='word_1_27' title='bbox 658 977 728 1037; x_wconf 75' lang='lat' dir='ltr'><strong>solit</strong></span> <span class='ocrx_word' id='word_1_28' title='bbox 749 979 875 1038; x_wconf 82' lang='lat' dir='ltr'><strong>obliuisci</strong></span> <span class='ocrx_word' id='word_1_29' title='bbox 896 980 1060 1038; x_wconf 72' lang='lat' dir='ltr'><strong>iracundia.</strong></span> 
     </span>
    </p>

    <p class='ocr_par' dir='ltr' id='par_1_5' title="bbox 389 1077 1379 1260">
     <span class='ocr_line' id='line_1_6' title="bbox 461 1077 1379 1156; baseline 0.004 -23"><span class='ocrx_word' id='word_1_30' title='bbox 461 1083 509 1134; x_wconf 83' lang='lat'><strong>198</strong></span> <span class='ocrx_word' id='word_1_31' title='bbox 532 1077 661 1139; x_wconf 71' lang='grc'><strong>(1000100</strong></span> <span class='ocrx_word' id='word_1_32' title='bbox 682 1082 794 1139; x_wconf 88' lang='lat' dir='ltr'><strong>malum</strong></span> <span class='ocrx_word' id='word_1_33' title='bbox 815 1099 899 1140; x_wconf 88' lang='lat' dir='ltr'><strong>omue</strong></span> <span class='ocrx_word' id='word_1_34' title='bbox 921 1086 970 1148; x_wconf 85' lang='lat' dir='ltr'><strong>est,</strong></span> <span class='ocrx_word' id='word_1_35' title='bbox 994 1082 1070 1153; x_wconf 79' lang='lat' dir='ltr'><strong>quod</strong></span> <span class='ocrx_word' id='word_1_36' title='bbox 1090 1081 1144 1138; x_wconf 83' lang='lat' dir='ltr'><strong>sub</strong></span> <span class='ocrx_word' id='word_1_37' title='bbox 1161 1084 1283 1156; x_wconf 75' lang='lat' dir='ltr'><strong>aspectu</strong></span> <span class='ocrx_word' id='word_1_38' title='bbox 1305 1082 1379 1139; x_wconf 84' lang='lat' dir='ltr'><strong>latet.</strong></span> 
     </span>
     <span class='ocr_line' id='line_1_7' title="bbox 389 1174 1258 1260; baseline 0.006 -25"><span class='ocrx_word' id='word_1_39' title='bbox 389 1174 393 1180; x_wconf 79' lang='grc'><em>’</em></span> <span class='ocrx_word' id='word_1_40' title='bbox 457 1188 508 1236; x_wconf 76' lang='grc'><strong>000</strong></span> <span class='ocrx_word' id='word_1_41' title='bbox 531 1179 657 1247; x_wconf 70' lang='lat' dir='ltr'><strong>Gratim</strong></span> <span class='ocrx_word' id='word_1_42' title='bbox 678 1188 718 1241; x_wconf 84' lang='lat' dir='ltr'><strong>est</strong></span> <span class='ocrx_word' id='word_1_43' title='bbox 739 1185 886 1251; x_wconf 70' lang='lat' dir='ltr'><strong>iuimicus</strong></span> <span class='ocrx_word' id='word_1_44' title='bbox 906 1179 910 1260; x_wconf 90' lang='grc' dir='ltr'>Ι</span> <span class='ocrx_word' id='word_1_45' title='bbox 930 1185 980 1256; x_wconf 81' lang='lat' dir='ltr'><strong>qui</strong></span> <span class='ocrx_word' id='word_1_46' title='bbox 998 1184 1065 1240; x_wconf 81' lang='lat' dir='ltr'><strong>latet</strong></span> <span class='ocrx_word' id='word_1_47' title='bbox 1086 1185 1120 1240; x_wconf 86' lang='lat' dir='ltr'><strong>ia</strong></span> <span class='ocrx_word' id='word_1_48' title='bbox 1136 1186 1258 1255; x_wconf 78' lang='lat' dir='ltr'><strong>pectore.</strong></span> 
     </span>
    </p>
   </div>
   <div class='ocr_carea' id='block_1_4' title="bbox 331 1311 1479 1885">
    <p class='ocr_par' dir='ltr' id='par_1_6' title="bbox 331 1311 1478 1496">
     <span class='ocr_line' id='line_1_8' title="bbox 332 1311 1478 1394; baseline 0.001 -19"><span class='ocrx_word' id='word_1_49' title='bbox 332 1312 442 1376; x_wconf 86' lang='lat' dir='ltr'><strong>Possis</strong></span> <span class='ocrx_word' id='word_1_50' title='bbox 472 1313 569 1377; x_wconf 83' lang='lat' dir='ltr'><strong>etiam</strong></span> <span class='ocrx_word' id='word_1_51' title='bbox 598 1314 684 1376; x_wconf 89' lang='lat' dir='ltr'><strong>inter</strong></span> <span class='ocrx_word' id='word_1_52' title='bbox 714 1335 748 1377; x_wconf 92' lang='lat' dir='ltr'><strong>se</strong></span> <span class='ocrx_word' id='word_1_53' title='bbox 779 1311 977 1378; x_wconf 87' lang='lat' dir='ltr'><strong>contendere</strong></span> <span class='ocrx_word' id='word_1_54' title='bbox 1005 1335 1037 1376; x_wconf 83' lang='lat' dir='ltr'><strong>v.</strong></span> <span class='ocrx_word' id='word_1_55' title='bbox 1060 1313 1101 1377; x_wconf 87' lang='grc'><strong>52</strong></span> <span class='ocrx_word' id='word_1_56' title='bbox 1125 1312 1235 1393; x_wconf 81' lang='grc'><strong>0151,</strong></span> <span class='ocrx_word' id='word_1_57' title='bbox 1268 1311 1327 1377; x_wconf 89' lang='lat'><strong>188</strong></span> <span class='ocrx_word' id='word_1_58' title='bbox 1351 1321 1382 1374; x_wconf 90' lang='lat' dir='ltr'><strong>et</strong></span> <span class='ocrx_word' id='word_1_59' title='bbox 1407 1312 1478 1394; x_wconf 84' lang='lat'>190,</span> 
     </span>
     <span class='ocr_line' id='line_1_9' title="bbox 331 1413 779 1496; baseline 0 -19"><span class='ocrx_word' id='word_1_60' title='bbox 331 1413 394 1477; x_wconf 83' lang='grc'><strong>524</strong></span> <span class='ocrx_word' id='word_1_61' title='bbox 417 1414 544 1496; x_wconf 83' lang='grc'><strong>01540,</strong></span> <span class='ocrx_word' id='word_1_62' title='bbox 567 1415 630 1479; x_wconf 88' lang='lat'><strong>603</strong></span> <span class='ocrx_word' id='word_1_63' title='bbox 653 1425 684 1479; x_wconf 87' lang='lat' dir='ltr'><strong>et</strong></span> <span class='ocrx_word' id='word_1_64' title='bbox 706 1416 779 1479; x_wconf 84' lang='lat'>611.</span> 
     </span>
    </p>

    <p class='ocr_par' dir='ltr' id='par_1_7' title="bbox 331 1515 1479 1885">
     <span class='ocr_line' id='line_1_10' title="bbox 415 1515 1478 1604; baseline -0.001 -25"><span class='ocrx_word' id='word_1_65' title='bbox 415 1515 523 1601; x_wconf 88' lang='lat' dir='ltr'><strong>Magis</strong></span> <span class='ocrx_word' id='word_1_66' title='bbox 541 1515 668 1579; x_wconf 86' lang='lat' dir='ltr'><strong>lubrica</strong></span> <span class='ocrx_word' id='word_1_67' title='bbox 683 1517 738 1579; x_wconf 89' lang='lat' dir='ltr'><strong>via</strong></span> <span class='ocrx_word' id='word_1_68' title='bbox 754 1515 883 1599; x_wconf 84' lang='lat' dir='ltr'><strong>editori,</strong></span> <span class='ocrx_word' id='word_1_69' title='bbox 907 1515 964 1581; x_wconf 90' lang='lat' dir='ltr'><strong>ubi</strong></span> <span class='ocrx_word' id='word_1_70' title='bbox 978 1516 1191 1604; x_wconf 80' lang='lat' dir='ltr'><strong>interpolator</strong></span> <span class='ocrx_word' id='word_1_71' title='bbox 1206 1517 1348 1601; x_wconf 90' lang='lat' dir='ltr'><strong>primum</strong></span> <span class='ocrx_word' id='word_1_72' title='bbox 1363 1536 1478 1580; x_wconf 89' lang='lat' dir='ltr'><strong>versus</strong></span> 
     </span>
     <span class='ocr_line' id='line_1_11' title="bbox 333 1614 1478 1704; baseline 0 -24"><span class='ocrx_word' id='word_1_73' title='bbox 333 1616 530 1682; x_wconf 85' lang='lat' dir='ltr'><strong>vocabulum</strong></span> <span class='ocrx_word' id='word_1_74' title='bbox 552 1619 710 1699; x_wconf 83' lang='lat' dir='ltr'><strong>mutavit,</strong></span> <span class='ocrx_word' id='word_1_75' title='bbox 734 1617 886 1682; x_wconf 90' lang='lat' dir='ltr'><strong>librarius</strong></span> <span class='ocrx_word' id='word_1_76' title='bbox 910 1627 1040 1704; x_wconf 85' lang='lat' dir='ltr'><strong>postea,</strong></span> <span class='ocrx_word' id='word_1_77' title='bbox 1064 1614 1137 1682; x_wconf 86' lang='lat' dir='ltr'><strong>eum</strong></span> <span class='ocrx_word' id='word_1_78' title='bbox 1159 1619 1268 1684; x_wconf 89' lang='lat' dir='ltr'><strong>omnia</strong></span> <span class='ocrx_word' id='word_1_79' title='bbox 1290 1616 1332 1681; x_wconf 86' lang='lat' dir='ltr'><strong>ad</strong></span> <span class='ocrx_word' id='word_1_80' title='bbox 1354 1615 1478 1681; x_wconf 84' lang='lat' dir='ltr'><strong>littera-</strong></span> 
     </span>
     <span class='ocr_line' id='line_1_12' title="bbox 331 1718 1479 1806; baseline -0.001 -24"><span class='ocrx_word' id='word_1_81' title='bbox 331 1738 403 1782; x_wconf 91' lang='lat' dir='ltr'><strong>rum</strong></span> <span class='ocrx_word' id='word_1_82' title='bbox 433 1719 582 1784; x_wconf 84' lang='lat' dir='ltr'><strong>ordinem</strong></span> <span class='ocrx_word' id='word_1_83' title='bbox 609 1729 796 1804; x_wconf 82' lang='lat' dir='ltr'><strong>revocaret,</strong></span> <span class='ocrx_word' id='word_1_84' title='bbox 825 1743 883 1785; x_wconf 92' lang='lat' dir='ltr'><strong>suo</strong></span> <span class='ocrx_word' id='word_1_85' title='bbox 911 1721 981 1786; x_wconf 92' lang='lat' dir='ltr'><strong>loco</strong></span> <span class='ocrx_word' id='word_1_86' title='bbox 1004 1722 1192 1806; x_wconf 84' lang='lat' dir='ltr'><strong>inseruit*).</strong></span> <span class='ocrx_word' id='word_1_87' title='bbox 1237 1719 1333 1799; x_wconf 80' lang='lat' dir='ltr'><strong>Quod</strong></span> <span class='ocrx_word' id='word_1_88' title='bbox 1356 1718 1479 1783; x_wconf 88' lang='lat' dir='ltr'><strong>factum</strong></span> 
     </span>
     <span class='ocr_line' id='line_1_13' title="bbox 331 1815 970 1885; baseline 0 -1"><span class='ocrx_word' id='word_1_89' title='bbox 331 1842 402 1884; x_wconf 89' lang='lat' dir='ltr'><strong>esse</strong></span> <span class='ocrx_word' id='word_1_90' title='bbox 425 1819 521 1885; x_wconf 90' lang='lat' dir='ltr'><strong>credo</strong></span> <span class='ocrx_word' id='word_1_91' title='bbox 543 1822 578 1884; x_wconf 90' lang='lat' dir='ltr'><strong>in</strong></span> <span class='ocrx_word' id='word_1_92' title='bbox 967 1815 970 1822; x_wconf 74' lang='grc'>’</span> 
     </span>
    </p>
   </div>
   <div class='ocr_carea' id='block_1_5' title="bbox 436 1935 1369 2244">
    <p class='ocr_par' dir='ltr' id='par_1_8' title="bbox 436 1935 1369 2244">
     <span class='ocr_line' id='line_1_14' title="bbox 436 1935 1369 2038; baseline 0.01 -21"><span class='ocrx_word' id='word_1_93' title='bbox 436 1982 462 2018; x_wconf 81' lang='lat' dir='ltr'><strong>v.</strong></span> <span class='ocrx_word' id='word_1_94' title='bbox 478 1970 527 2018; x_wconf 81' lang='lat'><strong>392</strong></span> <span class='ocrx_word' id='word_1_95' title='bbox 550 1962 655 2022; x_wconf 88' lang='lat' dir='ltr'><strong>Nimia</strong></span> <span class='ocrx_word' id='word_1_96' title='bbox 676 1967 853 2024; x_wconf 88' lang='lat' dir='ltr'><strong>eoueedeudo</strong></span> <span class='ocrx_word' id='word_1_97' title='bbox 874 1935 1022 2025; x_wconf 78' lang='lat' dir='ltr'><strong>interdum</strong></span> <span class='ocrx_word' id='word_1_98' title='bbox 1042 1968 1165 2025; x_wconf 86' lang='lat' dir='ltr'><strong>stultitia</strong></span> <span class='ocrx_word' id='word_1_99' title='bbox 1184 1968 1228 2038; x_wconf 71' lang='lat' dir='ltr'><strong>fit.</strong></span> <span class='ocrx_word' id='word_1_100' title='bbox 1253 1965 1369 2026; x_wconf 81' lang='grc'><strong>00110.</strong></span> 
     </span>
     <span class='ocr_line' id='line_1_15' title="bbox 481 2066 1270 2140; baseline 0.009 -22"><span class='ocrx_word' id='word_1_101' title='bbox 481 2072 529 2120; x_wconf 80' lang='lat'><strong>180</strong></span> <span class='ocrx_word' id='word_1_102' title='bbox 551 2066 693 2125; x_wconf 74' lang='lat' dir='ltr'><strong>Facilitas</strong></span> <span class='ocrx_word' id='word_1_103' title='bbox 714 2069 810 2125; x_wconf 83' lang='lat' dir='ltr'><strong>mimia</strong></span> <span class='ocrx_word' id='word_1_104' title='bbox 832 2068 871 2126; x_wconf 88' lang='lat' dir='ltr'><strong>ad</strong></span> <span class='ocrx_word' id='word_1_105' title='bbox 887 2073 1001 2140; x_wconf 77' lang='lat' dir='ltr'><strong>partem</strong></span> <span class='ocrx_word' id='word_1_106' title='bbox 1024 2069 1163 2127; x_wconf 77' lang='lat' dir='ltr'><strong>stultitiae</strong></span> <span class='ocrx_word' id='word_1_107' title='bbox 1183 2070 1270 2140; x_wconf 71' lang='lat' dir='ltr'><strong>rapit.</strong></span> 
     </span>
     <span class='ocr_line' id='line_1_16' title="bbox 478 2168 1259 2244; baseline 0.005 -22"><span class='ocrx_word' id='word_1_108' title='bbox 478 2174 528 2222; x_wconf 78' lang='lat'><strong>278</strong></span> <span class='ocrx_word' id='word_1_109' title='bbox 550 2168 705 2227; x_wconf 78' lang='lat' dir='ltr'><strong>Interdum</strong></span> <span class='ocrx_word' id='word_1_110' title='bbox 727 2170 810 2228; x_wconf 79' lang='lat' dir='ltr'><strong>tabet</strong></span> <span class='ocrx_word' id='word_1_111' title='bbox 831 2171 970 2228; x_wconf 79' lang='lat' dir='ltr'><strong>stultitiae</strong></span> <span class='ocrx_word' id='word_1_112' title='bbox 986 2174 1103 2244; x_wconf 75' lang='lat' dir='ltr'><strong>partem</strong></span> <span class='ocrx_word' id='word_1_113' title='bbox 1123 2169 1259 2241; x_wconf 71' lang='lat' dir='ltr'><strong>facilitas</strong></span> 
     </span>
    </p>
   </div>
   <div class='ocr_carea' id='block_1_6' title="bbox 330 2296 1477 2467">
    <p class='ocr_par' dir='ltr' id='par_1_9' title="bbox 330 2296 1477 2467">
     <span class='ocr_line' id='line_1_17' title="bbox 330 2296 1477 2384; baseline 0 -24"><span class='ocrx_word' id='word_1_114' title='bbox 330 2296 385 2360; x_wconf 86' lang='lat' dir='ltr'><strong>vel</strong></span> <span class='ocrx_word' id='word_1_115' title='bbox 407 2306 541 2384; x_wconf 87' lang='lat' dir='ltr'><strong>propter</strong></span> <span class='ocrx_word' id='word_1_116' title='bbox 563 2300 739 2384; x_wconf 90' lang='lat' dir='ltr'><strong>pessimum</strong></span> <span class='ocrx_word' id='word_1_117' title='bbox 761 2301 863 2363; x_wconf 91' lang='lat' dir='ltr'><strong>ictum</strong></span> <span class='ocrx_word' id='word_1_118' title='bbox 885 2300 976 2364; x_wconf 81' lang='lat' dir='ltr'><strong>vocis</strong></span> <span class='ocrx_word' id='word_1_119' title='bbox 1000 2301 1197 2364; x_wconf 75' lang='lat' dir='ltr'><strong>coneedendo,</strong></span> <span class='ocrx_word' id='word_1_120' title='bbox 1236 2298 1287 2362; x_wconf 78' lang='lat' dir='ltr'><strong>ef.</strong></span> <span class='ocrx_word' id='word_1_121' title='bbox 1311 2297 1353 2361; x_wconf 88' lang='lat' dir='ltr'><strong>ad</strong></span> <span class='ocrx_word' id='word_1_122' title='bbox 1376 2319 1408 2360; x_wconf 90' lang='lat' dir='ltr'><strong>v.</strong></span> <span class='ocrx_word' id='word_1_123' title='bbox 1425 2298 1477 2362; x_wconf 89' lang='lat'><strong>83.</strong></span> 
     </span>
     <span class='ocr_line' id='line_1_18' title="bbox 331 2398 986 2467; baseline 0.006 -5"><span class='ocrx_word' id='word_1_124' title='bbox 331 2400 405 2463; x_wconf 91' lang='grc'><strong>141.</strong></span> <span class='ocrx_word' id='word_1_125' title='bbox 431 2398 501 2464; x_wconf 81' lang='grc'><strong>165.</strong></span> <span class='ocrx_word' id='word_1_126' title='bbox 525 2399 566 2463; x_wconf 87' lang='grc'><strong>86</strong></span> <span class='ocrx_word' id='word_1_127' title='bbox 590 2410 621 2464; x_wconf 92' lang='grc'><strong>01</strong></span> <span class='ocrx_word' id='word_1_128' title='bbox 642 2401 716 2465; x_wconf 89' lang='grc'><strong>439.</strong></span> <span class='ocrx_word' id='word_1_129' title='bbox 761 2401 901 2467; x_wconf 83' lang='lat' dir='ltr'>Versum</span> <span class='ocrx_word' id='word_1_130' title='bbox 923 2403 986 2466; x_wconf 82' lang='grc'><strong>252</strong></span> 
     </span>
    </p>
   </div>
   <div class='ocr_carea' id='block_1_7' title="bbox 572 2527 1195 2615">
    <p class='ocr_par' dir='ltr' id='par_1_10' title="bbox 572 2527 1195 2615">
     <span class='ocr_line' id='line_1_19' title="bbox 572 2527 1195 2615; baseline 0.003 -16"><span class='ocrx_word' id='word_1_131' title='bbox 572 2541 690 2601; x_wconf 80' lang='lat' dir='ltr'><strong>Iactum</strong></span> <span class='ocrx_word' id='word_1_132' title='bbox 711 2527 831 2602; x_wconf 80' lang='lat' dir='ltr'><strong>tacendo</strong></span> <span class='ocrx_word' id='word_1_133' title='bbox 853 2546 962 2602; x_wconf 79' lang='lat' dir='ltr'><strong>crimea</strong></span> <span class='ocrx_word' id='word_1_134' title='bbox 982 2543 1078 2615; x_wconf 81' lang='lat' dir='ltr'><strong>facias</strong></span> <span class='ocrx_word' id='word_1_135' title='bbox 1097 2545 1195 2602; x_wconf 81' lang='lat' dir='ltr'><strong>aerius</strong></span> 
     </span>
    </p>
   </div>
   <div class='ocr_carea' id='block_1_8' title="bbox 316 2674 932 2808">
    <p class='ocr_par' dir='ltr' id='par_1_11' title="bbox 316 2674 932 2808">
     <span class='ocr_line' id='line_1_20' title="bbox 330 2674 932 2759; baseline 0.002 -24"><span class='ocrx_word' id='word_1_136' title='bbox 330 2681 438 2735; x_wconf 87' lang='lat' dir='ltr'><strong>ortum</strong></span> <span class='ocrx_word' id='word_1_137' title='bbox 461 2693 532 2736; x_wconf 90' lang='lat' dir='ltr'><strong>esse</strong></span> <span class='ocrx_word' id='word_1_138' title='bbox 555 2674 730 2759; x_wconf 87' lang='lat' dir='ltr'><strong>suspiceris</strong></span> <span class='ocrx_word' id='word_1_139' title='bbox 754 2695 796 2737; x_wconf 87' lang='lat' dir='ltr'><strong>ex</strong></span> <span class='ocrx_word' id='word_1_140' title='bbox 817 2696 849 2742; x_wconf 80' lang='lat' dir='ltr'><strong>v.</strong></span> <span class='ocrx_word' id='word_1_141' title='bbox 872 2674 932 2738; x_wconf 87' lang='lat'><strong>331</strong></span> 
     </span>
     <span class='ocr_line' id='line_1_21' title="bbox 316 2769 430 2808; baseline 0 -10"><span class='ocrx_word' id='word_1_142' title='bbox 316 2794 323 2808; x_wconf 61' lang='grc'><strong>,</strong></span> <span class='ocrx_word' id='word_1_143' title='bbox 415 2769 430 2798; x_wconf 68' lang='lat' dir='ltr'><strong>o</strong></span> 
     </span>
    </p>
   </div>
   <div class='ocr_carea' id='block_1_9' title="bbox 326 2798 1477 3338">
    <p class='ocr_par' dir='ltr' id='par_1_12' title="bbox 500 2798 1304 2888">
     <span class='ocr_line' id='line_1_22' title="bbox 500 2798 1304 2888; baseline 0.002 -15"><span class='ocrx_word' id='word_1_144' title='bbox 500 2798 690 2874; x_wconf 79' lang='lat' dir='ltr'><strong>Maledictum</strong></span> <span class='ocrx_word' id='word_1_145' title='bbox 712 2817 929 2888; x_wconf 70' lang='lat' dir='ltr'><strong>interpretanda</strong></span> <span class='ocrx_word' id='word_1_146' title='bbox 950 2818 1060 2874; x_wconf 81' lang='lat' dir='ltr'><strong>crimea</strong></span> <span class='ocrx_word' id='word_1_147' title='bbox 1081 2815 1176 2886; x_wconf 79' lang='lat' dir='ltr'><strong>facias</strong></span> <span class='ocrx_word' id='word_1_148' title='bbox 1197 2819 1304 2885; x_wconf 77' lang='lat' dir='ltr'><strong>amiur,</strong></span> 
     </span>
    </p>

    <p class='ocr_par' dir='ltr' id='par_1_13' title="bbox 326 2944 1477 3338">
     <span class='ocr_line' id='line_1_23' title="bbox 334 2944 1477 3035; baseline 0.003 -28"><span class='ocrx_word' id='word_1_149' title='bbox 334 2954 366 3008; x_wconf 90' lang='lat' dir='ltr'><strong>et</strong></span> <span class='ocrx_word' id='word_1_150' title='bbox 389 2944 653 3032; x_wconf 82' lang='lat' dir='ltr'><strong>interpolatorem</strong></span> <span class='ocrx_word' id='word_1_151' title='bbox 676 2946 846 3035; x_wconf 86' lang='lat' dir='ltr'><strong>scripsisse</strong></span> <span class='ocrx_word' id='word_1_152' title='bbox 862 2944 992 3010; x_wconf 87' lang='lat' dir='ltr'><strong>Dictum</strong></span> <span class='ocrx_word' id='word_1_153' title='bbox 1013 2948 1160 3011; x_wconf 82' lang='lat' dir='ltr'><strong>iactando</strong></span> <span class='ocrx_word' id='word_1_154' title='bbox 1183 2947 1237 3010; x_wconf 82' lang='lat' dir='ltr'><strong>vel</strong></span> <span class='ocrx_word' id='word_1_155' title='bbox 1252 2946 1406 3011; x_wconf 84' lang='lat' dir='ltr'><strong>Iactaudo</strong></span> <span class='ocrx_word' id='word_1_156' title='bbox 1424 2946 1477 3027; x_wconf 85' lang='lat' dir='ltr'><strong>sa-</strong></span> 
     </span>
     <span class='ocr_line' id='line_1_24' title="bbox 332 3047 1477 3135; baseline 0.001 -25"><span class='ocrx_word' id='word_1_157' title='bbox 332 3051 422 3130; x_wconf 85' lang='lat' dir='ltr'><strong>ctum.</strong></span> <span class='ocrx_word' id='word_1_158' title='bbox 468 3048 512 3111; x_wconf 89' lang='lat' dir='ltr'><strong>Et</strong></span> <span class='ocrx_word' id='word_1_159' title='bbox 541 3047 594 3110; x_wconf 89' lang='lat' dir='ltr'><strong>hic</strong></span> <span class='ocrx_word' id='word_1_160' title='bbox 622 3058 753 3112; x_wconf 86' lang='lat' dir='ltr'><strong>vastum</strong></span> <span class='ocrx_word' id='word_1_161' title='bbox 781 3058 891 3134; x_wconf 89' lang='lat' dir='ltr'><strong>patere</strong></span> <span class='ocrx_word' id='word_1_162' title='bbox 918 3048 1031 3112; x_wconf 89' lang='lat' dir='ltr'><strong>critico</strong></span> <span class='ocrx_word' id='word_1_163' title='bbox 1060 3069 1221 3134; x_wconf 83' lang='lat' dir='ltr'><strong>campum,</strong></span> <span class='ocrx_word' id='word_1_164' title='bbox 1254 3049 1325 3135; x_wconf 89' lang='lat' dir='ltr'><strong>quis</strong></span> <span class='ocrx_word' id='word_1_165' title='bbox 1348 3049 1477 3132; x_wconf 87' lang='lat' dir='ltr'><strong>estqui</strong></span> 
     </span>
     <span class='ocr_line' id='line_1_25' title="bbox 331 3145 1477 3236; baseline 0.003 -26"><span class='ocrx_word' id='word_1_166' title='bbox 331 3145 454 3233; x_wconf 82' lang='lat' dir='ltr'><strong>neget?</strong></span> <span class='ocrx_word' id='word_1_167' title='bbox 486 3149 576 3236; x_wconf 84' lang='lat' dir='ltr'><strong>ipse,</strong></span> <span class='ocrx_word' id='word_1_168' title='bbox 605 3159 642 3213; x_wconf 89' lang='lat' dir='ltr'><strong>ut</strong></span> <span class='ocrx_word' id='word_1_169' title='bbox 670 3149 750 3212; x_wconf 91' lang='lat' dir='ltr'><strong>mihi</strong></span> <span class='ocrx_word' id='word_1_170' title='bbox 781 3158 977 3233; x_wconf 77' lang='lat' dir='ltr'><strong>constnmm,</strong></span> <span class='ocrx_word' id='word_1_171' title='bbox 1007 3148 1097 3213; x_wconf 91' lang='lat' dir='ltr'><strong>nolui</strong></span> <span class='ocrx_word' id='word_1_172' title='bbox 1125 3151 1233 3214; x_wconf 87' lang='lat' dir='ltr'><strong>omnia</strong></span> <span class='ocrx_word' id='word_1_173' title='bbox 1260 3149 1406 3231; x_wconf 86' lang='lat' dir='ltr'><strong>turbare,</strong></span> <span class='ocrx_word' id='word_1_174' title='bbox 1435 3171 1477 3214; x_wconf 90' lang='lat' dir='ltr'><strong>ne</strong></span> 
     </span>
     <span class='ocr_line' id='line_1_26' title="bbox 326 3249 1261 3338; baseline 0.002 -26"><span class='ocrx_word' id='word_1_175' title='bbox 326 3249 443 3314; x_wconf 90' lang='lat' dir='ltr'><strong>lectori</strong></span> <span class='ocrx_word' id='word_1_176' title='bbox 465 3249 583 3314; x_wconf 85' lang='lat' dir='ltr'><strong>falsam</strong></span> <span class='ocrx_word' id='word_1_177' title='bbox 605 3250 754 3314; x_wconf 87' lang='lat' dir='ltr'><strong>codicum</strong></span> <span class='ocrx_word' id='word_1_178' title='bbox 777 3251 951 3336; x_wconf 84' lang='lat' dir='ltr'><strong>imaginem</strong></span> <span class='ocrx_word' id='word_1_179' title='bbox 974 3262 1261 3338; x_wconf 82' lang='lat' dir='ltr'><strong>repraesentarem.</strong></span> 
     </span>
    </p>
   </div>
   <div class='ocr_carea' id='block_1_10' title="bbox 324 3417 1477 4019">
    <p class='ocr_par' dir='ltr' id='par_1_14' title="bbox 325 3417 1477 3937">
     <span class='ocr_line' id='line_1_27' title="bbox 398 3417 1477 3508; baseline 0.001 -18"><span class='ocrx_word' id='word_1_180' title='bbox 398 3439 425 3504; x_wconf 75' lang='lat' dir='ltr'><strong>*l</strong></span> <span class='ocrx_word' id='word_1_181' title='bbox 446 3441 525 3503; x_wconf 79' lang='lat' dir='ltr'><strong>Quae</strong></span> <span class='ocrx_word' id='word_1_182' title='bbox 544 3443 574 3490; x_wconf 90' lang='lat' dir='ltr'><strong>in</strong></span> <span class='ocrx_word' id='word_1_183' title='bbox 594 3442 720 3492; x_wconf 86' lang='lat' dir='ltr'><strong>versibus</strong></span> <span class='ocrx_word' id='word_1_184' title='bbox 733 3441 908 3508; x_wconf 83' lang='lat' dir='ltr'><strong>interpolatis</strong></span> <span class='ocrx_word' id='word_1_185' title='bbox 923 3443 1037 3492; x_wconf 88' lang='lat' dir='ltr'><strong>concedi</strong></span> <span class='ocrx_word' id='word_1_186' title='bbox 1048 3447 1140 3508; x_wconf 83' lang='lat' dir='ltr'><strong>potest</strong></span> <span class='ocrx_word' id='word_1_187' title='bbox 1152 3417 1377 3508; x_wconf 75' lang='lat' dir='ltr'><strong>transpositionis</strong></span> <span class='ocrx_word' id='word_1_188' title='bbox 1390 3442 1477 3492; x_wconf 86' lang='lat' dir='ltr'><strong>licen·</strong></span> 
     </span>
     <span class='ocr_line' id='line_1_28' title="bbox 336 3526 1475 3593; baseline 0.003 -18"><span class='ocrx_word' id='word_1_189' title='bbox 336 3527 386 3590; x_wconf 85' lang='lat' dir='ltr'><strong>tiu,</strong></span> <span class='ocrx_word' id='word_1_190' title='bbox 406 3526 441 3575; x_wconf 89' lang='lat' dir='ltr'><strong>ad</strong></span> <span class='ocrx_word' id='word_1_191' title='bbox 461 3526 575 3576; x_wconf 83' lang='lat' dir='ltr'><strong>eandem</strong></span> <span class='ocrx_word' id='word_1_192' title='bbox 594 3543 743 3592; x_wconf 78' lang='lat' dir='ltr'><strong>provocare</strong></span> <span class='ocrx_word' id='word_1_193' title='bbox 762 3542 814 3576; x_wconf 90' lang='lat' dir='ltr'><strong>non</strong></span> <span class='ocrx_word' id='word_1_194' title='bbox 833 3527 914 3589; x_wconf 86' lang='lat' dir='ltr'><strong>licet,</strong></span> <span class='ocrx_word' id='word_1_195' title='bbox 938 3528 986 3577; x_wconf 87' lang='lat' dir='ltr'><strong>ubi</strong></span> <span class='ocrx_word' id='word_1_196' title='bbox 1005 3529 1099 3592; x_wconf 76' lang='lat' dir='ltr'><strong>agitur</strong></span> <span class='ocrx_word' id='word_1_197' title='bbox 1117 3527 1150 3577; x_wconf 86' lang='lat' dir='ltr'><strong>de</strong></span> <span class='ocrx_word' id='word_1_198' title='bbox 1168 3528 1313 3578; x_wconf 84' lang='lat' dir='ltr'><strong>vocabulis</strong></span> <span class='ocrx_word' id='word_1_199' title='bbox 1330 3529 1475 3593; x_wconf 81' lang='lat' dir='ltr'><strong>corruptis.</strong></span> 
     </span>
     <span class='ocr_line' id='line_1_29' title="bbox 328 3591 1476 3678; baseline 0 -16"><span class='ocrx_word' id='word_1_200' title='bbox 328 3611 373 3663; x_wconf 85' lang='lat' dir='ltr'><strong>Cf.</strong></span> <span class='ocrx_word' id='word_1_201' title='bbox 391 3598 539 3662; x_wconf 83' lang='lat' dir='ltr'><strong>Ritschelii</strong></span> <span class='ocrx_word' id='word_1_202' title='bbox 563 3628 657 3677; x_wconf 90' lang='lat' dir='ltr'><strong>opusc.</strong></span> <span class='ocrx_word' id='word_1_203' title='bbox 676 3616 704 3676; x_wconf 70' lang='lat'><strong>25</strong></span> <span class='ocrx_word' id='word_1_204' title='bbox 722 3614 780 3662; x_wconf 81' lang='lat'>665.</span> <span class='ocrx_word' id='word_1_205' title='bbox 816 3613 957 3676; x_wconf 78' lang='lat' dir='ltr'><strong>Nusquam</strong></span> <span class='ocrx_word' id='word_1_206' title='bbox 980 3615 1065 3678; x_wconf 84' lang='lat' dir='ltr'><strong>igitur</strong></span> <span class='ocrx_word' id='word_1_207' title='bbox 1083 3616 1173 3678; x_wconf 83' lang='lat' dir='ltr'><strong>prima</strong></span> <span class='ocrx_word' id='word_1_208' title='bbox 1191 3591 1318 3662; x_wconf 57' lang='lat' dir='ltr'><strong>versuum</strong></span> <span class='ocrx_word' id='word_1_209' title='bbox 1337 3613 1476 3663; x_wconf 82' lang='lat' dir='ltr'><strong>vocabula</strong></span> 
     </span>
     <span class='ocr_line' id='line_1_30' title="bbox 328 3696 1475 3764; baseline 0.002 -20"><span class='ocrx_word' id='word_1_210' title='bbox 328 3696 369 3744; x_wconf 86' lang='lat' dir='ltr'><strong>ita</strong></span> <span class='ocrx_word' id='word_1_211' title='bbox 390 3696 612 3759; x_wconf 85' lang='lat' dir='ltr'><strong>emendavimus,</strong></span> <span class='ocrx_word' id='word_1_212' title='bbox 637 3703 668 3747; x_wconf 88' lang='lat' dir='ltr'><strong>ut</strong></span> <span class='ocrx_word' id='word_1_213' title='bbox 685 3698 779 3748; x_wconf 84' lang='lat' dir='ltr'><strong>littera</strong></span> <span class='ocrx_word' id='word_1_214' title='bbox 797 3697 914 3749; x_wconf 85' lang='lat' dir='ltr'><strong>initialis</strong></span> <span class='ocrx_word' id='word_1_215' title='bbox 938 3703 1100 3764; x_wconf 83' lang='lat' dir='ltr'><strong>mutaretur,</strong></span> <span class='ocrx_word' id='word_1_216' title='bbox 1123 3714 1158 3748; x_wconf 88' lang='lat' dir='ltr'><strong>ne</strong></span> <span class='ocrx_word' id='word_1_217' title='bbox 1176 3699 1204 3747; x_wconf 94' lang='lat' dir='ltr'><strong>in</strong></span> <span class='ocrx_word' id='word_1_218' title='bbox 1222 3697 1346 3749; x_wconf 84' lang='lat' dir='ltr'><strong>versibus</strong></span> <span class='ocrx_word' id='word_1_219' title='bbox 1365 3697 1475 3760; x_wconf 87' lang='lat' dir='ltr'><strong>quidem</strong></span> 
     </span>
     <span class='ocr_line' id='line_1_31' title="bbox 325 3777 1474 3848; baseline 0.002 -18"><span class='ocrx_word' id='word_1_220' title='bbox 325 3782 388 3830; x_wconf 85' lang='grc'><strong>901</strong></span> <span class='ocrx_word' id='word_1_221' title='bbox 411 3782 473 3843; x_wconf 87' lang='grc'><strong>138,</strong></span> <span class='ocrx_word' id='word_1_222' title='bbox 503 3797 570 3845; x_wconf 88' lang='lat' dir='ltr'><strong>quos</strong></span> <span class='ocrx_word' id='word_1_223' title='bbox 594 3782 671 3832; x_wconf 79' lang='lat' dir='ltr'><strong>ruelii</strong></span> <span class='ocrx_word' id='word_1_224' title='bbox 704 3784 767 3848; x_wconf 90' lang='lat' dir='ltr'><strong>quis</strong></span> <span class='ocrx_word' id='word_1_225' title='bbox 794 3777 1041 3834; x_wconf 55' lang='lat' dir='ltr'><strong>mutatis‘sedibus</strong></span> <span class='ocrx_word' id='word_1_226' title='bbox 1065 3785 1092 3832; x_wconf 90' lang='lat' dir='ltr'><strong>iu</strong></span> <span class='ocrx_word' id='word_1_227' title='bbox 1117 3782 1195 3834; x_wconf 79' lang='lat' dir='ltr'><strong>codd.</strong></span> <span class='ocrx_word' id='word_1_228' title='bbox 1214 3783 1283 3848; x_wconf 82' lang='lat' dir='ltr'><strong>legi:</strong></span> <span class='ocrx_word' id='word_1_229' title='bbox 1311 3782 1474 3832; x_wconf 86' lang='lat' dir='ltr'><strong>facillimum</strong></span> 
     </span>
     <span class='ocr_line' id='line_1_32' title="bbox 325 3863 1476 3937; baseline 0.003 -23"><span class='ocrx_word' id='word_1_230' title='bbox 325 3865 394 3915; x_wconf 82' lang='lat' dir='ltr'><strong>enim</strong></span> <span class='ocrx_word' id='word_1_231' title='bbox 416 3871 490 3916; x_wconf 86' lang='lat' dir='ltr'><strong>esset</strong></span> <span class='ocrx_word' id='word_1_232' title='bbox 511 3873 538 3916; x_wconf 87' lang='lat' dir='ltr'><strong>et</strong></span> <span class='ocrx_word' id='word_1_233' title='bbox 557 3869 611 3918; x_wconf 84' lang='lat' dir='ltr'><strong>v.9</strong></span> <span class='ocrx_word' id='word_1_234' title='bbox 631 3868 778 3919; x_wconf 84' lang='lat' dir='ltr'><strong>emendare</strong></span> <span class='ocrx_word' id='word_1_235' title='bbox 798 3865 947 3934; x_wconf 78' lang='grc'><strong>1100010000</strong></span> <span class='ocrx_word' id='word_1_236' title='bbox 965 3867 1040 3937; x_wconf 84' lang='lat' dir='ltr'><strong>(libri</strong></span> <span class='ocrx_word' id='word_1_237' title='bbox 1057 3865 1210 3934; x_wconf 75' lang='lat' dir='ltr'><strong>Amisere),</strong></span> <span class='ocrx_word' id='word_1_238' title='bbox 1229 3885 1254 3920; x_wconf 86' lang='lat' dir='ltr'><strong>v.</strong></span> <span class='ocrx_word' id='word_1_239' title='bbox 1270 3869 1317 3918; x_wconf 87' lang='lat'><strong>138</strong></span> <span class='ocrx_word' id='word_1_240' title='bbox 1334 3863 1476 3918; x_wconf 83' lang='lat' dir='ltr'><strong>Amissum</strong></span> 
     </span>
    </p>

    <p class='ocr_par' dir='ltr' id='par_1_15' title="bbox 324 3948 595 4019">
     <span class='ocr_line' id='line_1_33' title="bbox 324 3948 595 4019; baseline 0.015 -19"><span class='ocrx_word' id='word_1_241' title='bbox 324 3949 402 4016; x_wconf 82' lang='lat' dir='ltr'><strong>(libri</strong></span> <span class='ocrx_word' id='word_1_242' title='bbox 420 3948 595 4019; x_wconf 85' lang='lat' dir='ltr'><strong>Dimissmu).</strong></span> 
     </span>
    </p>
   </div>
   <div class='ocr_carea' id='block_1_11' title="bbox 0 0 1630 5180">
    <p class='ocr_par' dir='ltr' id='par_1_16' title="bbox 0 0 1630 5180">
     <span class='ocr_line' id='line_1_34' title="bbox 0 0 1630 5180; baseline 0 3"><span class='ocrx_word' id='word_1_243' title='bbox 0 0 1630 5180; x_wconf 95' lang='lat' dir='ltr'><strong> </strong></span> 
     </span>
    </p>
   </div>
  </div>
 </body>
</html>
