3252 5180
367 389 405 457 18
745 470 747 474 .
794 401 1067 458 raornoonnui.

447 562 482 646 6)
506 561 639 627 Codex
661 560 942 648 Frisingensis
966 562 1026 650 (17)
1049 561 1142 645 611111,
1170 583 1256 626 nunc
1277 558 1503 627 11116116111166

363 663 575 728 Monacenses
602 685 635 727 n.
662 663 763 746 6292,
797 665 1061 729 membranaceus
1090 662 1211 727 saeculi
1240 663 1303 726 XI.
1333 662 1503 727 continens

350 787 437 829 cum
463 763 544 847 alia,
578 773 647 828 tum
675 756 717 828 ex
744 767 849 851 poetis
881 766 1009 831 Latinis
1043 773 1197 849 excerpta
1229 763 1367 849 ideoque
1401 773 1502 827 certa-

361 867 422 930 tim
443 887 463 928 a
484 864 658 952 philologis
683 875 715 929 et
736 865 886 932 laudatus
909 877 941 932 et
963 866 1158 952 descriptus.
1202 864 1254 929 01.
1278 864 1405 945 Aretin,
1428 863 1502 927 Bei-
1622 885 1623 940 ι

362 975 456 1051 tritge
471 967 502 1048 t,
526 990 559 1053 p.
573 966 648 1050 251,
672 976 705 1031 61
726 989 785 1031 nos
808 967 850 1031 ad
867 965 1208 1053 (Pseudo)ancilium
1224 964 1364 1030 Balbum
1379 988 1434 1052 pg.
1453 966 1502 1030 11.

362 1066 403 1131 In
424 1068 510 1132 hunc
532 1067 688 1150 codicem,
710 1065 1002 1155 locupletissimum
1023 1069 1177 1149 omnium,
1201 1067 1322 1154 quippe
1342 1069 1399 1154 qui
1414 1065 1502 1132 solus

361 1169 542 1233 servaverit
564 1170 776 1255 posteriorem
798 1171 1032 1235 sententiarum
1054 1178 1180 1256 partem
1198 1166 1339 1253 (N-V)
1363 1177 1396 1232 et
1417 1168 1503 1254 prio-

252 1313 256 1320 -
362 1293 431 1334 rem
446 1280 576 1335 centum
591 1270 659 1332 fere
675 1271 825 1337 versibus
840 1281 979 1353 auctam,
1003 1271 1062 1335 sed
1076 1268 1172 1334 titulo
1188 1279 1363 1354 carentem,
1379 1272 1503 1356 primus

362 1371 479 1437 incidit
501 1372 546 1435 M.
569 1369 740 1454 Velserus,
764 1395 827 1458 quo
849 1382 981 1439 auctore
1002 1372 1167 1459 professor
1189 1369 1320 1456 quidam
1343 1370 1503 1456 Ingolsta-

362 1474 485 1537 diensis
513 1472 691 1538 Publilium
720 1473 839 1560 Syrum
865 1496 950 1540 anno
982 1474 1063 1539 1600
1097 1473 1218 1554 edidit,
1253 1483 1290 1538 ut
1318 1473 1404 1537 infra
1431 1493 1503 1536 nar-

360 1575 496 1639 rabitur.
541 1573 604 1640 Sed
627 1575 666 1657 is,
691 1596 884 1661 quamquam
908 1575 1042 1639 editoris
1066 1596 1136 1638 esse
1150 1573 1294 1638 officium
1309 1574 1396 1638 haud
1412 1575 1503 1659 igno-

360 1677 458 1760 ravit,
481 1677 547 1741 nisi
567 1676 690 1740 monito
712 1674 832 1740 lectore
852 1698 873 1738 a
894 1677 1043 1761 vestigiis
1059 1675 1136 1740 libri
1150 1698 1246 1739 mser.
1261 1698 1326 1739 non
1340 1675 1503 1758 recedere,

360 1786 487 1859 tamen,
515 1787 552 1842 ut
573 1799 644 1841 mos
668 1786 737 1841 erat
758 1776 991 1864 permultorum
1014 1777 1078 1842 illis
1100 1777 1301 1864 temporibus
1324 1776 1503 1863 philologo-

359 1901 447 1960 rum,
470 1888 538 1943 tam
559 1878 662 1942 multa
683 1879 803 1959 omisit,
827 1889 894 1942 tam
916 1879 1017 1943 multa
1039 1880 1169 1943 inscitia
1191 1879 1274 1942 male
1296 1879 1503 1942 administra-

361 1981 421 2064 vit,
443 1990 480 2044 ut
502 2003 564 2066 quo
585 1978 797 2065 fundamento
821 1981 935 2045 critico
957 1988 1122 2067 tamquam
1144 1982 1223 2045 satis
1245 1973 1338 2046 1111116
1356 2002 1391 2044 se
1406 1981 1504 2068 inniti

360 2083 465 2146 nostri
488 2080 609 2146 saeculi
632 2081 773 2146 editores
796 2083 922 2168 opinati
944 2092 1034 2164 sunt,
1057 2082 1093 2146 id
1115 2082 1223 2169 potius
1245 2081 1502 2146 infirmissimum

360 2185 405 2248 sit
427 2182 689 2247 existimandum.
773 2236 776 2242 .

444 2283 635 2350 Simillimus
659 2284 864 2369 Frisingensi
886 2296 936 2351 est
963 2285 997 2370 ’1)
1021 2281 1149 2350 codex
1169 2285 1501 2350 Vindobonensis

359 2386 421 2451 368
445 2385 526 2472 (V),
550 2385 673 2451 saeculi
697 2385 760 2451 XI.
783 2389 829 2450 ita
850 2386 1003 2470 mutilus,
1031 2396 1068 2451 ut
1089 2387 1220 2451 deficiat
1241 2409 1274 2450 v.
1289 2387 1355 2450 121
1382 2388 1417 2450 in
1438 2385 1504 2450 fine

359 2487 488 2552 litterae
511 2487 549 2552 0.
593 2487 701 2552 Huius
729 2488 940 2575 apographon
965 2489 1054 2575 typis
1084 2488 1228 2553 exscribi
1249 2489 1345 2551 iussit
1367 2486 1503 2552 Carolus

360 2588 506 2655 Schenkl
523 2591 559 2654 in
573 2587 684 2653 libello
700 2590 874 2676 inscripto:
898 2590 1052 2676 Beitrdge
1067 2613 1128 2654 nur
1142 2589 1257 2654 Kritik
1273 2587 1331 2653 des
1346 2589 1503 2653 Annaeus

360 2690 494 2772 Seneca,
520 2691 612 2774 1864,
634 2713 689 2777 pg.
712 2692 764 2756 64.
809 2691 892 2756 Cum
915 2693 1009 2756 sitis
1033 2713 1188 2757 versuum
1211 2692 1307 2774 ordo,
1331 2701 1367 2756 ut
1388 2713 1424 2754 se
1445 2713 1501 2754 ex-

359 2794 483 2879 cipiant
504 2814 537 2856 v.
562 2789 590 2855 1.
612 2792 644 2856 3.
666 2794 697 2857 5.
720 2794 750 2857 7.
773 2793 804 2857 9.
830 2843 837 2856 .
862 2841 870 2856 .
895 2843 902 2857 .
926 2794 958 2857 2.
980 2793 1065 2856 46.
1088 2794 1118 2857 8.
1144 2794 1183 2858 10
1208 2842 1214 2856 .
1238 2843 1245 2857 .
1270 2841 1295 2876 .,
1317 2799 1373 2857 aut
1395 2794 1503 2879 ipsum

360 2893 505 2959 codicem
532 2903 589 2958 aut
616 2893 725 2977 illum,
753 2893 840 2958 unde
868 2893 1123 2959 Vindobonense
1149 2896 1367 2980 fragmentum
1394 2893 1502 2975 fluxit,

283 2992 287 2999 ’
359 2996 446 3060 binis
471 2995 628 3060 columnis
652 2997 808 3081 scriptum
831 2994 933 3059 fuisse
955 2993 1130 3079 colligitur.

447 3096 590 3162 Selectos
612 3105 739 3161 tantum
762 3097 950 3180 sententias,
974 3096 1093 3183 quibus
1115 3098 1313 3185 praecedunt
1329 3095 1502 3162 Sallustius

359 3206 391 3263 et
412 3198 522 3263 Julius
538 3198 811 3284 Exsuperantius,
834 3197 922 3263 nullo
945 3199 1123 3284 praemisso
1145 3198 1240 3264 titulo
1262 3199 1361 3264 habet
1383 3198 1426 3282 8)
1439 3219 1501 3261 oo—

358 3300 436 3365 dex
458 3300 671 3364 Parisinus
695 3299 762 3364 lat.
785 3299 886 3381 6085,
909 3299 1331 3383 membranaceus,'saeculi
1353 3299 1415 3363 XI.
1439 3297 1501 3385 (E)

358 3402 410 3467 Of.
433 3401 599 3466 Dietschii
629 3400 818 3466 Sallustium
841 3402 947 3488 (Lips.
973 3402 1068 3486 1859)
1091 3402 1156 3472 vol.
1178 3402 1206 3466 I.
1229 3424 1284 3488 pg.
1306 3401 1337 3465 4.
1376 3399 1502 3464 Eade'm

357 3505 510 3591 epitome,
533 3503 677 3591 praefixo
697 3502 792 3568 titulo
815 3503 1190 3589 ε1661ρί111116661661166
1206 3503 1359 3568 Senecae'
1381 3503 1504 3587 legitur

358 3612 391 3670 in
413 3606 527 3671 codice
550 3605 701 3671 Parisino
719 3605 811 3688 1919,
835 3627 920 3668 saec.
937 3604 1032 3670 XIV.
1054 3605 1111 3670 161.
1130 3607 1201 3687 148,
1224 3605 1402 3690 Augustini
1426 3626 1500 3668 con-

357 3706 556 3771 fessionibus
579 3707 738 3771 subnexa.

394 3833 397 3838 ·
442 3809 476 3894 9)
500 3807 638 3872 Codex
659 3808 882 3872 Bernensis
906 3808 979 3889 104,
1002 3808 1267 3873 membranaceus
1283 3793 1404 3872 saeculi
1420 3805 1501 3870 XII.

358 3908 551 3975 ‘Proverbia
573 3909 731 3974 Seneohe'
761 3909 898 3986 exhibet
922 3907 999 3973 inde
1020 3929 1040 3972 a
1062 3909 1118 3974 fol.
1143 3912 1159 3973 1
1182 3909 1347 3996 usquead
1370 3907 1425 3973 161.
1451 3908 1500 3970 11.

357 4010 464 4086 Huius
485 4009 562 4075 libri
584 4021 621 4076 ut
642 4012 804 4097 integram
825 4011 1016 4076 adnotarem
1038 4011 1303 4096 discrepantiam,
1326 4011 1501 4097 impetrare

355 4136 375 4178 a
402 4135 454 4176 me
482 4135 548 4177 non
577 4114 687 4199 potui,
725 4122 899 4214 propterea
930 4113 1016 4200 quod
1044 4135 1081 4177 eo
1107 4113 1142 4176 in
1170 4112 1333 4185 nonnullis
1368 4109 1502 4198 quidem

233 4290 242 4308 ι
354 4215 435 4279 locis
458 4217 653 4301 optimorum
675 4215 824 4281 codicum
845 4216 1071 4280 auctoritatem
1090 4214 1277 4278 'confirmari
1299 4213 1386 4296 vidi,
1405 4211 1502 4296 longe

355 4315 495 4402 plurima
517 4339 607 4400 vero,
631 4326 751 4404 quanto
775 4338 872 4402 opere
893 4316 949 4381 illo
965 4314 1174 4380 iam'saeculo
1194 4316 1375 4380 sententiae
1389 4313 1500 4379 Publi-

356 4417 461 4480 lianae
481 4419 656 4506 depravari
678 4429 709 4482 et
730 4417 921 4504 interpolari
936 4428 1071 4505 coeptae
1086 4419 1163 4501 sint,
1186 4427 1298 4504 aperte
1313 4415 1501 4480 ostendunt.
