3252 5180
318 421 361 486 42
752 435 1026 484 rsoncsouurm.

318 591 424 655 suisse
451 591 687 655 existimarent.
731 587 784 654 Of.
807 588 967 653 Baehrius
995 588 1069 653 hist.
1097 587 1161 655 litt.
1183 589 1320 656 Roman.
1342 589 1406 658 vol.
1430 589 1461 656 Ι.

319 715 373 781 pg.
396 694 460 758 330
482 700 565 756 extr.
589 692 639 755 ed.
663 691 723 755 IV.
767 688 865 755 Falso
888 690 1109 754 hauddubie.

403 794 468 860 Sed
491 815 573 880 quae
595 791 702 856 adhuc
723 786 978 878 disputavimus,
1002 791 1115 856 harum
1144 795 1376 858 sententiarum
1401 816 1460 858 au-

318 904 440 960 ctorem
455 917 526 959 csse
540 893 718 959 Publilium
732 916 836 980 neque
858 893 957 957 alium
975 893 1169 980 quemquam
1183 904 1322 982 poetam,
1338 897 1372 960 in
1386 896 1460 959 uni-

318 1019 449 1061 versum
476 996 566 1060 dicta
592 994 741 1079 valeant,
771 1017 837 1060 non
864 997 925 1084 ita,
954 997 1048 1082 quasi
1075 995 1165 1059 nulla
1188 995 1283 1061 detur
1304 1019 1324 1059 a
1345 997 1461 1081 regula

319 1100 479 1186 exceptio.
523 1098 637 1184 Neque
659 1098 761 1180 enim,
790 1098 846 1182 qui
868 1106 1020 1183 quattuor
1042 1098 1203 1162 orationes
1226 1099 1261 1162 in
1283 1097 1460 1162 Catilinam

318 1200 447 1265 habitas
471 1199 636 1264 Ciceronis
660 1221 730 1263 esse
752 1199 936 1282 contendit,
966 1198 1095 1284 singula
1117 1199 1277 1286 quaedam
1298 1198 1461 1264 vocabula

319 1300 373 1366 vel
395 1302 561 1365 enuntiata
582 1300 624 1364 ab
642 1299 934 1388 -interpolatoribus
956 1301 1069 1364 addita
1092 1322 1162 1365 esse
1183 1301 1327 1385 negabit,
1350 1323 1457 1388 neque

320 1426 380 1488 ego
402 1425 520 1490 paucas
543 1402 699 1490 quasdam
723 1401 901 1468 sententias
923 1425 988 1467 non
1011 1425 1082 1467 esse
1097 1400 1232 1466 Publilii
1254 1403 1458 1472 infitiasive-

318 1507 390 1570 rim.
434 1502 684 1570 Abiudicandus
699 1502 841 1568 Publilio
859 1526 973 1568 versus
988 1504 1062 1588 213,
1086 1505 1222 1568 omissus
1239 1505 1273 1568 in
1288 1504 1399 1569 codice
1415 1505 1458 1587 R,

319 1617 351 1670 et
374 1606 460 1694 quod
483 1606 720 1670 dubitationem
741 1615 849 1692 auget,
871 1605 935 1669 alio
957 1604 1027 1670 loco
1048 1606 1084 1669 in
1106 1605 1178 1684 PB,
1202 1605 1266 1670 alio
1288 1607 1323 1669 in
1341 1606 1376 1668 F
1393 1615 1459 1670 tra-

319 1709 423 1792 ditus3
446 1731 512 1773 non
535 1717 583 1772 est
605 1709 752 1771 senarius
768 1730 800 1770 v.
816 1708 880 1772 200
903 1707 1042 1772 &ocior
1063 1713 1107 1773 est
1127 1711 1287 1791 iuimicus,
1309 1712 1364 1790 qai
1386 1710 1461 1774 latet

321 1813 355 1875 ia
369 1816 500 1894 pectore,
525 1809 577 1874 vel
598 1832 618 1872 a
639 1830 774 1872 caesura
796 1808 1009 1890 damnandus,
1032 1808 1091 1872 sed
1113 1809 1319 1896 paraphrasis
1343 1832 1459 1874 versus

322 1912 398 1996 1983
423 1910 561 1974 alienam
583 1911 723 1997 denique
746 1911 905 1995 originem
926 1911 1096 1997 profitetur
1117 1933 1230 1974 versus
1256 1913 1326 1977 102.

402 2013 438 2096 4)
462 2012 624 2092 Quartum
652 2022 717 2095 est,
751 2021 787 2076 ut
815 2034 1006 2098 quaeramus
1038 2012 1085 2076 de
1112 2015 1328 2079 sententiis
1358 2015 1458 2078 inci-

319 2115 527 2200 pientibus
561 2137 580 2178 a
612 2113 766 2178 litteris
799 2112 943 2193 A-M‚
988 2136 1085 2200 quae
1123 2117 1164 2178 in
1199 2115 1282 2179 solo
1319 2115 1459 2180 codice

319 2216 582 2301 Frisingensi
604 2226 788 2280 servatae
810 2225 918 2298 sunt,
942 2217 963 2278 i.
981 2237 1007 2279 e.
1025 2215 1066 2279 de
1081 2217 1230 2280 versibus
1246 2217 1445 2302 35-43(A)

320 2319 445 2382 79-84
475 2319 554 2403 (Β),
585 2317 751 2380 101-122
775 2317 845 2400 (Ο),
882 2317 1048 2381 139-146
1078 2317 1158 2402 (1)),
1189 2319 1354 2383 163-165
1384 2319 1458 2402 (Ε),

321 2419 380 2482 193
397 2418 467 2502 (F),
490 2418 659 2481 224-229
683 2418 738 2502 (H
740 2419 764 2502 ),
786 2418 954 2482 aso-291
979 2419 1046 2504 (Ι),
1069 2419 1236 2484 302-308
1259 2420 1329 2506 (L),
1353 2420 1458 2484 341-

404 2620 500 2700 Quod
522 2620 692 2686 brevitatis
715 2645 812 2687 causa
835 2623 950 2708 scripsi
966 2632 1081 2709 quarto
1097 2625 1329 2688 sententiarum
1344 2627 1458 2709 generi

318 2745 415 2786 unam
444 2745 515 2787 esse
540 2723 662 2789 codicis
685 2724 907 2808 Frisingensis
929 2726 1171 2807 auctoritatem,
1198 2725 1232 2788 id
1253 2749 1317 2790 non
1340 2727 1386 2790 ita
1408 2729 1457 2791 in-

319 2824 430 2909 tellegi
452 2823 562 2906 velim,
586 2827 679 2910 quasi
700 2846 764 2889 non
786 2823 934 2910 singulae
956 2824 1083 2910 aliquae
1104 2827 1139 2889 in
1160 2825 1233 2890 aliis
1257 2849 1382 2914 quoque
1404 2850 1457 2904 eo-

319 2926 447 2991 dicibus
475 2925 615 2991 traditae
643 2928 727 2991 sint:
758 2928 940 3002 accuratius
963 2926 1087 2992 dixeris
1110 2949 1241 3014 prorsus
1263 2928 1379 2992 abesse
1402 2950 1457 2993 eas

319 3050 338 3090 a
353 3027 520 3092 codicibus
538 3027 702 3110 PRBEO,
717 3029 759 3092 ab
775 3028 915 3110 Erasmi,
931 3027 1170 3110 Penthaleonis,
1188 3028 1343 3110 Fabricii,
1359 3031 1458 3095 Bent-

319 3128 374 3193 leii
396 3129 500 3212 libris,
524 3152 543 3192 a
565 3128 722 3195 Palatinis
747 3129 880 3194 Gruteri
903 3140 1039 3216 excepto
1062 3153 1125 3195 uno
1148 3130 1204 3215 (cf.
1223 3129 1265 3194 ad
1288 3153 1319 3195 v.
1336 3132 1388 3196 35.
1404 3133 1457 3195 39.

320 3231 390 3294 1⁴46.
416 3231 485 3296 165.
503 3230 592 3315 224),
616 3242 796 3296 ceterorum
818 3230 944 3295 nullum
966 3253 1047 3314 esse,
1071 3231 1127 3317 qui
1148 3233 1258 3295 oinnes
1282 3235 1457 3298 contineat.

320 3331 509 3396 Simillimus
538 3332 669 3418 quidem
691 3332 896 3418 Frisingensi
918 3344 966 3396 est
987 3331 1092 3397 codex
1115 3333 1392 3415 Vindobonensis,
1421 3337 1457 3398 in

319 3455 382 3519 quo
406 3454 438 3495 v.
453 3433 590 3514 35-43,
614 3433 750 3514 'le-83,
775 3434 938 3498 107-121
962 3433 1100 3498 totidem
1120 3436 1189 3497 fere
1211 3435 1320 3498 verbis
1344 3437 1455 3520 legun-

267 3607 269 3614 ,
317 3544 381 3615 tur,
404 3534 451 3598 ita
472 3544 508 3599 ut
523 3534 728 3619 Frisingensi
750 3557 809 3621 par
831 3545 916 3598 esset
931 3534 1121 3618 censendus,
1144 3537 1209 3600 nisi
1224 3537 1259 3598 in
1273 3536 1461 3602 litteramG

318 3634 479 3701 deficeret.
523 3637 696 3700 Praeterea
723 3658 796 3700 cum
818 3635 989 3700 Turicensi
1016 3647 1198 3722 congruunt
1226 3638 1455 3723 Frisingenses

319 3721 1453 3820 smmmmmmmmffiwmm

319 3837 438 3900 dantur
459 3861 490 3901 v.
517 3838 576 3902 193
600 3847 631 3902 et
653 3839 726 3920 362,
749 3861 768 3902 a
790 3839 914 3904 Seneca
934 3861 966 3902 v.
986 3840 1046 3904 119
1069 3848 1100 3903 et
1114 3840 1188 3922 286,
1212 3863 1291 3925 quos
1315 3864 1334 3904 a
1356 3839 1453 3904 libra-

318 3940 366 4003 rio
393 3941 428 4002 in
455 3953 601 4003 veterum
629 3941 759 4026 scriptis
787 3939 924 4004 multum
951 3939 1098 4006 volutato
1126 3961 1172 4005 ex
1189 3943 1269 4028 ipsis
1293 3941 1399 4006 Gellio
1422 3952 1455 4007 et

319 4041 441 4106 Seneca
467 4038 575 4104 illatos
599 4063 670 4105 esse
692 4041 766 4106 ideo
788 4064 901 4127 parum
924 4041 1079 4106 credibile
1102 4051 1166 4125 est,
1195 4043 1272 4128 quia
1294 4064 1351 4106 cur
1372 4042 1454 4106 duos

249 4175 254 4178 ·
316 4142 398 4207 alios
414 4165 433 4206 a
448 4140 555 4208 Gellio
579 4143 692 4208 eodem
714 4144 784 4208 loco
806 4142 948 4230 prolatos
972 4145 1020 4227 (v.
1038 4144 1108 4212 106.
1124 4144 1200 4231 264)
1217 4145 1372 4227 omiserit,
1394 4145 1456 4207 vix

317 4245 394 4308 satis
424 4243 540 4309 idonea
562 4267 659 4310 causa
683 4247 824 4310 inveniri
846 4253 962 4332 potcst.
1008 4243 1119 4324 Quare
1140 4267 1205 4309 non
1228 4254 1292 4326 est,
1322 4245 1408 4332 quod
1430 4247 1455 4310 ii

316 4369 431 4411 versus
453 4347 487 4410 in
509 4349 696 4410 universum
718 4347 849 4432 quidem
871 4349 1088 4434 suspicionem
1105 4356 1268 4430 moveant,
1290 4357 1454 4433 tamquam

316 4446 448 4516 aliunde
469 4451 589 4538 assuti5
612 4449 670 4517 sed
692 4450 853 4519 videntur
866 4451 974 4540 potius
995 4449 1216 4535 Frisingensis
1240 4458 1272 4518 et
1286 4448 1454 4524 Vindobo-
