3252 5180
311 403 353 469 30
637 465 645 473 .
747 415 1019 472 rnonseonnun.

310 576 504 640 auctoritate
526 575 558 637 in
583 573 746 660 duplicem
764 597 906 640 errorem
920 574 1073 640 inductus
1089 585 1148 640 est.
1192 576 1338 640 Primum
1354 574 1452 659 enim,

312 699 385 740 cum
405 677 598 740 ¹sententiae
628 677 662 738 in
695 677 863 741 codicibus
897 679 991 763 quasi
1025 677 1167 743 Senecae
1199 677 1375 762 ferrentur,
1410 677 1453 741 de

310 776 453 843 Publilio
475 787 605 842 auctore
627 799 693 841 non
714 777 879 842 dubitavit
901 778 1044 864 quidem,
1068 777 1126 842 sed
1147 777 1295 843 libellum
1311 780 1454 844 Grutero

311 879 485 944 obsecutus
508 879 676 965 inscripsit
698 878 819 943 ‘Publii
841 879 917 966 Syri
941 890 973 945 et
993 879 1130 946 aliorum
1153 890 1301 945 veterum
1323 890 1452 945 senten-

310 983 398 1064 tiae’,
422 977 541 1045 deinde
563 981 732 1045 sententiis
755 981 850 1046 novis
873 980 1140 1067 Frisingensibus
1163 983 1330 1064 minorem,
1355 1005 1453 1069 quam

311 1105 370 1170 par
392 1089 472 1164 erat,
494 1083 592 1146 fidem
614 1081 766 1147 habebat.
811 1081 867 1148 Sic
882 1084 967 1146 enim
989 1083 1171 1171 praefatur:
1196 1083 1301 1164 ‘Quae
1316 1085 1350 1147 in
1365 1083 1452 1148 Gru-

311 1186 374 1250 teri
403 1184 561 1268 editione,
591 1186 701 1248 nescio
729 1183 869 1269 unde(?)
898 1169 1058 1272 prolatae,
1089 1194 1165 1250 sunt
1193 1206 1326 1250 numero
1349 1185 1452 1249 octin-

311 1295 429 1371 gentae
451 1296 483 1350 et
505 1285 576 1373 plus
601 1287 848 1372 quinquaginta,
872 1308 982 1351 earum
1004 1287 1107 1351 maior
1128 1308 1204 1373 pars
1226 1307 1330 1372 neque
1350 1288 1384 1349 in
1400 1308 1451 1349 co-

311 1387 440 1453 dicibus
462 1388 584 1452 nostris
607 1397 810 1474 comparent,
838 1409 942 1473 neque
964 1390 1139 1474 quicquam
1161 1387 1313 1452 Publiani
1329 1386 1452 1451 eoloris

312 1491 480 1577 saporisve
502 1490 537 1552 in
560 1510 595 1553 se
617 1488 749 1554 habent.
794 1489 859 1553 Eas
882 1511 958 1572 nos,
981 1499 1017 1555 ut
1038 1487 1093 1552 vel
1115 1489 1202 1553 lectu
1223 1489 1385 1574 indignas,
1408 1488 1452 1552 ab

312 1591 455 1656 editione
477 1590 538 1655 hac
562 1590 730 1656 eiecimus:
761 1613 843 1677 quae
866 1613 944 1654 vero
966 1593 1114 1655 acumine
1136 1613 1171 1655 se
1193 1613 1251 1656 suo
1274 1613 1312 1654 ac
1334 1611 1453 1654 venere

313 1702 345 1757 et
367 1694 463 1758 metri
486 1693 703 1757 concinnitate
726 1690 963 1773 commendant,
986 1690 1100 1758 lectori
1122 1692 1176 1756 hic
1200 1692 1413 1757 exhibemus’.

396 1795 487 1860 Inter
514 1803 637 1858 eeteros
661 1815 745 1857 saec.
768 1792 901 1856 XVIII.
925 1791 1066 1858 editores
1088 1793 1271 1858 laudandus
1294 1803 1343 1858 est
1366 1793 1451 1859 Joa.

312 1896 455 1961 Petrus
483 1894 670 1960 Millerus
700 1894 855 1979 (Phaedri
884 1893 989 1958 Fabb.
1017 1894 1128 1959 Publii
1156 1894 1233 1981 Syri
1260 1894 1451 1977 sententiae,

313 1997 469 2084 Dionysii
483 1996 618 2062 Catonis
634 1995 784 2078 disticha,
801 1994 909 2060 Berol.
928 1995 1035 2080 1753),
1059 1995 1112 2060 vel
1127 1997 1188 2061 hoc
1202 1998 1342 2079 nomine,
1365 1995 1453 2082 quod

312 2101 489 2164 sententias
512 2097 573 2163 soli
588 2097 730 2164 Publilio
745 2097 897 2163 addicere
912 2119 1008 2161 ausus
1025 2105 1085 2162 est.
1121 2098 1295 2162 Praeterea
1310 2121 1367 2162 suo
1382 2100 1453 2161 iure

312 2200 491 2267 Gruterum
512 2200 729 2287 impugnavit,
753 2199 840 2286 quod
862 2198 957 2264 binos
979 2199 1150 2286 aliquoties
1173 2222 1289 2266 versus
1311 2202 1395 2264 inter
1417 2222 1453 2263 se

312 2302 496 2368 simillimos
524 2290 718 2388 protulerat,
748 2322 884 2386 quorum
905 2298 1066 2372 Publilius
1095 2300 1148 2365 vel
1170 2300 1360 2367 alterutrum
1381 2309 1451 2364 tan-

311 2404 477 2469 tummodo
500 2404 682 2490 composuit
704 2401 758 2465 vel
778 2401 914 2484 nullum,
937 2402 1032 2468 verbi
1054 2424 1167 2467 causa:

599 2529 736 2620 Felicitas
756 2561 867 2634 infelici
887 2563 1055 2622 innocentia
1075 2565 1124 2621 est.

597 2663 715 2735 Infeltci
736 2664 904 2724 innocentio
925 2669 966 2756 est
987 2663 1116 2736 (elicitus.
1145 2661 1149 2667 ’

400 2810 440 2873 In
462 2808 644 2875 editione
666 2808 884 2895 Bipontina
907 2809 1063 2894 (Phaedri
1082 2808 1171 2874 sabb.
1187 2809 1347 2873 accedunt
1363 2809 1400 2872 P.
1418 2807 1453 2873 S.

312 2911 690 2998 sententiaeetc.1784)
713 2910 796 2974 nihil
819 2921 883 2996 est,
909 2898 998 2997 quod
1017 2913 1148 2997 proprie
1170 2912 1345 2997 vituperer,
1369 2909 1455 2973 nihil

260 3085 265 3096 ¹
312 3036 375 3100 quo
398 3036 471 3079 cum
492 3012 602 3099 aliquo
625 3011 733 3076 fructu
755 3014 871 3096 utaris,
893 3021 1032 3100 excepta
1054 3012 1192 3078 fortasse
1216 3012 1345 3077 ‘notitia
1366 3012 1453 3076 litte-

311 3116 420 3198 raria',
444 3137 542 3202 quam
562 3115 682 3178 rectius
706 3113 797 3178 dieas
813 3113 992 3179 editionum
1007 3113 1140 3178 Publilii
1157 3114 1232 3200 Syri
1251 3112 1452 3197 catalogum:

311 3217 404 3299 adeo,
427 3218 483 3302 qui
506 3237 575 3280 eam
598 3216 736 3298 curavit,
760 3237 795 3278 se
819 3217 959 3281 Grutero
980 3214 1165 3280 addixerat.

398 3317 556 3382 Eiusdem
584 3318 661 3383 Jani
684 3316 819 3382 Gruteri
846 3319 1065 3383 recensionem
1096 3325 1242 3401 secutus,
1270 3317 1355 3382 sicut
1381 3319 1454 3403 ipse

225 3456 229 3464 ·
315 3421 396 3486 dicit
424 3422 459 3485 in
486 3419 581 3484 titulo
608 3418 702 3503 libri,
738 3419 823 3484 Car.
850 3418 970 3484 Henr.
1003 3418 1239 3483 Tzschucke
1274 3418 1452 3482 Publilium

313 3523 432 3609 Syrum
460 3522 564 3588 edidit
592 3523 627 3586 in
648 3544 743 3586 usum
765 3520 962 3603 scholarum,
989 3519 1155 3608 adspersis
1178 3519 1296 3586 notulis
1320 3521 1452 3607 quibus-

312 3624 398 3708 dam,
420 3624 512 3711 Lips.
537 3625 628 3690 1790.

395 3726 609 3811 Permagnam
628 3725 780 3791 editionis
796 3748 872 3790 suae
889 3727 1148 3813 expectationem
1162 3733 1309 3790 moverat
1331 3724 1353 3789 J
1360 3745 1452 3789 oan-

260 3883 271 3902 ,
311 3850 379 3892 nes
402 3826 513 3894 Oonr.
537 3826 731 3910 OrelliuS,
755 3828 788 3893 J.
804 3827 939 3914 Caspari
961 3826 1117 3914 patruelis
1141 3826 1193 3908 (P.
1210 3827 1287 3915 Syri
1308 3827 1399 3890 mimi
1420 3836 1454 3889 et

310 3929 448 3995 aliorum
463 3931 655 4013 sententiae,
678 3930 769 4016 Lips.
788 3930 894 4014 1822),
917 3930 983 3993 nisi
998 3951 1076 3992 mox
1087 3929 1221 3994 editoris
1237 3928 1380 3994 officium
1396 3949 1451 4013 pa·

311 4055 382 4096 rum
395 4029 580 4116 explevisse
595 4033 748 4096 inventus
764 4041 858 4096 esset.
881 4030 1057 4100 Hominem
1072 4032 1158 4094 enim
1173 4053 1208 4096 sc
1219 4053 1292 4096 eum
1302 4030 1453 4118 praebuit

311 4136 345 4198 in
366 4133 555 4198 adornando
578 4132 634 4199 illo
656 4132 739 4197 libro
746 4182 755 4215 ,
782 4134 838 4219 qui
859 4132 997 4197 aliorum
1019 4134 1127 4220 potius
1152 4155 1248 4220 quam
1270 4156 1328 4198 suo
1350 4139 1453 4197 staret

311 4235 449 4319 iudici03
472 4246 504 4300 et
527 4258 599 4300 curn
622 4237 656 4300 in
678 4235 841 4321 prioribus
862 4235 1060 4300 editionibus
1080 4235 1114 4300 id
1137 4237 1208 4300 iure
1223 4236 1451 4321 vituperasset,

311 4336 398 4423 quod
420 4339 454 4401 in
477 4338 711 4402 sententiarum
737 4360 871 4401 nurnero
897 4339 1015 4401 mirum
1038 4347 1195 4423 quantum
1217 4338 1451 4422 discreparent,

311 4440 382 4526 ipse
410 4440 492 4503 nihil
519 4441 684 4527 antiquius
714 4439 844 4522 habuit,
873 4462 968 4525 quarn
995 4449 1030 4504 ut
1058 4441 1208 4516 omnibus
1237 4439 1307 4504 sine
1330 4437 1451 4502 iudicio
