3228 5184
278 419 280 426 ¹
334 343 392 409 116
671 357 891 408 snnrnrrrrsn
914 356 1136 409 rumcnnsss.

414 512 482 593 Qui
504 513 719 578 dormientem
740 521 846 596 necat,
869 512 1038 577 absentem
1060 511 1239 580 ulciscitur.

415 612 512 694 Quod
534 622 584 680 est
605 624 789 697 venturum,
813 614 944 700 sapiens
967 614 1061 700 quasi
1083 636 1236 702 praesens
1259 624 1364 680 cavet.

331 723 391 781 675
413 715 546 797 Reddit,
569 737 634 780 non
655 714 776 802 perdit,
799 717 875 802 quoi
898 714 977 801 quid
999 713 1142 784 alienum
1164 715 1237 781 fuit.

328 825 384 930 s
414 818 558 903 (Regnat
580 817 718 882 carnalis
742 816 916 904 cupiditas,
939 815 997 882 ubi
1019 839 1084 881 non
1107 826 1156 882 est
1178 817 1232 882 dei
1254 819 1400 903 caritas.)

416 918 481 983 Sua
503 920 560 1007 qui
581 926 702 1000 servat,
725 916 820 984 salva
842 939 912 982 esse
934 916 1006 983 vult
1029 921 1220 984 communia.

415 1021 502 1086 Satis
525 1030 574 1085 est
596 1041 749 1108 superare
771 1020 950 1102 inimicum,
972 1021 1110 1085 nimium
1133 1029 1183 1086 est
1204 1021 1350 1108 perdere.

415 1121 576 1208 Suspicax
597 1123 726 1187 animus
749 1122 893 1186 omnium
916 1121 1048 1187 damnat
1070 1121 1178 1186 fidem.

331 1231 393 1288 680
415 1223 565 1311 Suspicio
587 1223 733 1310 probatis
756 1224 856 1287 tacita
878 1223 998 1286 iniuria
1021 1234 1080 1288 est.
1145 1226 1152 1244 '

414 1324 567 1413 Superari
589 1347 609 1388 a
631 1325 798 1410 superiore
819 1346 894 1412 pars
918 1333 967 1389 est
989 1322 1124 1410 gloriae.

415 1425 601 1513 Sdpplicem
623 1425 786 1490 hominem
808 1427 992 1513 opprimere
1014 1427 1119 1491 virtus
1142 1427 1208 1491 non
1230 1434 1296 1508 est,
1319 1424 1377 1490 sed
1400 1447 1479 1490 cru-

937 1526 1067 1592 delites.

414 1629 491 1696 Sine
513 1629 586 1716 lege
607 1652 711 1718 poena
734 1639 784 1695 est
804 1629 906 1694 animi
929 1629 1138 1695 conscientia.

414 1731 501 1798 Satis
524 1740 574 1794 est
595 1730 748 1814 disertus,
773 1753 790 1794 e
812 1753 876 1817 quo
899 1729 1043 1817 loquitur
1064 1730 1197 1796 veritas.

330 1840 390 1898 685
414 1832 549 1915 †Tarde
565 1834 593 1897 si
615 1833 750 1917 gravius
773 1833 826 1896 vir
847 1833 1000 1896 irascitur
1022 1841 1053 1896 et
1075 1830 1232 1918 perbicax
1253 1830 1432 1896 ulciscitur.

412 1933 490 1998 Tuti
513 1943 588 1999 sunt
610 1957 731 2017 omnes,
754 1956 837 1998 unus
860 1932 917 1998 ubi
940 1932 1137 1998 defenditur.
1348 1943 1350 1947 ’

412 2033 490 2099 'Ubi
513 2034 648 2101 libertas
671 2035 802 2118 cecidit,
825 2034 924 2099 audet
946 2033 1048 2098 libere
1069 2035 1164 2098 nemd
1186 2033 1285 2122 loqui.

412 2135 492 2201 Vita
514 2138 617 2202 otiosa
638 2159 776 2223 regnum
798 2144 857 2218 est,
882 2144 914 2200 et
936 2157 1033 2200 curae
1055 2137 1173 2200 minus.

413 2237 475 2322 (Ut
497 2237 606 2325 plures
630 2239 845 2324 corrigantur,
868 2240 930 2303 rite
952 2237 1049 2325 pauci
1072 2236 1261 2324 eliduntur.)

331 2412 533 2422 ——--=—

328 2517 454 2588 trahitur,
470 2517 493 2572 si
509 2517 581 2572 ultro
601 2517 673 2572 illam
689 2524 716 2572 et
731 2519 807 2590 prior
822 2519 960 2590 occupes?
1050 2517 1110 2574 673
1134 2525 1211 2572 necat
1225 2515 1426 2572 Froehtr'chias
1444 2523 1475 2572 et

328 2599 369 2655 M.
385 2600 551 2673 Hauptins:
566 2617 661 2657 necare
677 2602 773 2657 nititur
790 2603 821 2658 T.
869 2600 914 2674 Cf.
931 2621 956 2659 v.
974 2602 1022 2658 12.
1040 2601 1101 2659 476

272 2717 276 2722 -
399 2683 459 2742 674
482 2693 557 2741 cavet
575 2686 763 2742 Orelli:navit
781 2687 875 2759 T‚·cf.
892 2705 917 2743 a.
936 2688 996 2744 607
1076 2685 1136 2744 675
1159 2687 1207 2742 Ita
1222 2675 1382 2756 scriptione
1397 2684 1471 2742 Rib-

327 2771 422 2826 tecln'i
435 2774 618 2843 coniectura,
640 2789 725 2844 qnam
739 2775 769 2827 in
785 2774 968 2829 adnotatione
981 2774 1148 2844 proposuit:
1169 2769 1282 2842 Reddit,
1298 2787 1353 2825 non
1368 2769 1472 2844 perdit,

327 2856 374 2929 qui
389 2855 462 2928 quod
478 2855 592 2911 alienum
609 2863 676 2927 erat,
691 2856 823 2928 persolvit
841 2857 871 2912 Τ.
916 2857 961 2912 De
974 2859 1143 2930 ytorsemate
1158 2855 1305 2928 persolvit,
1322 2856 1361 2911 ed
1374 2857 1471 2926 eapti·

327 2942 450 2997 cendam
464 2955 561 2998 nocem
575 2939 664 2995 reddit
680 2942 827 3010 adscripto
843 2941 883 3013 cf.
900 2941 1014 3014 Protea.
1028 2959 1078 3015 pp.
1095 2940 1135 2998 48
1169 2973 1173 2984 ·
1207 2939 1266 2997 677
1290 2933 1380 2995 *esse
1396 2937 1470 2994 vult:

326 3025 385 3080 vult
404 3041 464 3080 esse
482 3026 520 3090 T,·
541 3041 589 3081 sue
605 3025 651 3098 qui
666 3033 822 3096 conservat,
842 3025 913 3080 salva
928 3025 986 3080 vult
1002 3026 1153 3082 communia
1168 3025 1332 3095 Hauptias,
1353 3031 1385 3080 at
1398 3039 1471 3096 qra-

327 3113 400 3166 tiore
424 3109 485 3166 icta
504 3113 545 3166 ita
563 3109 688 3183 fortiore
712 3112 836 3166 remedio
858 3116 885 3166 et
904 3111 1022 3166 tardata
1044 3112 1264 3180 atlitteratione,
1290 3110 1325 3164 de
1346 3125 1403 3181 qna
1423 3109 1470 3180 cf.

326 3193 423 3250 Plani.
442 3195 521 3251 Trin.
538 3194 574 3265 4,
591 3194 624 3266 3,
641 3193 681 3250 82
698 3191 751 3249 ‘me
765 3195 885 3266 servavi,
907 3195 995 3250 salvus
1011 3194 1101 3266 redii',
1122 3194 1187 3250 ibid.
1202 3193 1233 3266 4,
1250 3191 1280 3264 3,
1297 3193 1335 3249 69
1353 3189 1470 3248 ‘salvum

326 3285 354 3335 et
369 3279 527 3350 servatum’,
545 3278 613 3335 Cato
628 3281 664 3335 de
679 3294 712 3334 re
727 3297 752 3334 r.
769 3278 840 3350 141,
857 3279 875 3336 3
892 3276 988 3352 ‘pecua
1002 3278 1073 3335 salva
1088 3279 1242 3350 servassis’,
1259 3277 1315 3334 Cic.
1342 3278 1421 3334 Verr.
1437 3277 1470 3348 2,

328 3362 363 3435 5,
380 3362 435 3435 58,
449 3381 506 3436 pro
523 3363 631 3420 Otaent.
650 3363 707 3436 12,
723 3363 780 3434 33,
801 3364 860 3420 lia.
878 3363 933 3436 22,
952 3364 1006 3436 10,
1023 3362 1051 3419 2.
1083 3363 1180 3420 Possis
1200 3366 1298 3420 etiem:
1321 3361 1404 3417 Suum
1420 3363 1470 3435 qui

326 3455 431 3518 servat,
451 3448 524 3504 salva
544 3448 602 3504 vult
617 3449 777 3504 communia.
866 3447 926 3505 678
949 3464 1077 3522 superare
1091 3449 1227 3524 inimicum
1242 3445 1405 3519 Hauptiar:
1426 3447 1467 3502 in.

326 3549 386 3605 sup.
406 3533 438 3603 Τ,
454 3533 562 3589 hostem
577 3549 637 3607 sup.
658 3532 751 3591 Orelli
829 3532 888 3591 679
912 3527 1050 3609 suspicax]
1067 3534 1194 3590 notanda
1210 3533 1322 3606 syllaba
1338 3531 1468 3588 secanda

325 3621 355 3672 in
370 3618 428 3672 trac
443 3633 511 3674 voce
524 3619 668 3690 prodacta
735 3618 860 3691 dampnat
875 3618 902 3676 R
970 3618 1030 3675 689
1053 3615 1139 3691 probo
1154 3610 1345 3673 homini'coni.
1364 3615 1455 3672 Orelli
1458 3640 1469 3679 ,·

327 3699 367 3772 cf.
385 3719 410 3756 v.
429 3700 489 3756 195
586 3701 646 3760 682
670 3702 832 3775 Cfio.1t)9
898 3757 900 3762 ,
924 3702 985 3760 683
1007 3719 1096 3776 poena
1116 3708 1157 3757 cst
1178 3702 1257 3757 animi
1273 3699 1468 3770 Ribberkias:

327 3791 416 3840 autem
436 3801 523 3858 poena
547 3793 589 3842 est
607 3788 644 3850 Τ,·
665 3789 745 3842 etiam
761 3789 820 3843 sine
835 3786 898 3859 tege
912 3803 998 3860 poena
1014 3795 1056 3842 est
1072 3787 1235 3842 conscientia
1253 3786 1352 3858 Orelli,
1372 3785 1430 3840 sine
1445 3783 1466 3840 1.

325 3878 440 3944 poensst
459 3870 570 3927 sceleris
591 3888 615 3926 a.
632 3871 788 3942 Haapnur.
835 3871 879 3944 Of.
896 3891 920 3928 v.
938 3871 1008 3928 196.
1026 3870 1086 3928 227
1091 3913 1097 3926 .
1113 3863 1185 3927 443.
1288 3869 1348 3928 684
1371 3865 1467 3925 *satis

326 3961 368 4010 est
383 3954 501 4027 disertus
518 3957 553 4012 ct.
571 3974 596 4012 v.
614 3954 684 4013 505.
703 3955 778 4013 616:
801 3957 866 4012 satis
883 3957 1007 4012 desertus
1023 3963 1065 4011 est
1082 3957 1120 4019 T,·
1142 3956 1206 4011 satis
1223 3955 1353 4011 disertust
1370 3953 1465 4010 Orati.

396 4056 480 4113 equo
499 4039 602 4096 Orelli.-
623 4041 656 4096 de
672 4057 726 4114 quo
745 4041 771 4097 Τ
853 4040 914 4099 685
937 4041 1086 4098 Sententia
1100 4043 1229 4115 praviter
1243 4045 1383 4110 corrupta
1398 4053 1466 4110 per·
1551 4069 1555 4074 ·

325 4128 395 4182 tinet
406 4124 538 4196 fortasse
554 4127 594 4181 ad
607 4143 631 4182 o.
649 4123 689 4182 53
705 4130 749 4183 oet
765 4124 824 4182 195
912 4126 972 4183 686
995 4125 1040 4182 ubi
1056 4124 1212 4181 detenditur
1228 4140 1298 4180 unus
1317 4125 1349 4197 T,
1370 4139 1466 4180 emen-

325 4211 404 4267 davit
421 4209 511 4266 Orelli
570 4201 574 4208 ’
610 4209 670 4268 687
693 4204 817 4286 libertas]
834 4214 877 4267 sic
894 4212 931 4283 Τ,
947 4228 1003 4268 non
1018 4209 1147 4283 libertus,
1166 4211 1242 4284 qnod
1255 4215 1360 4266 narrat
1378 4208 1468 4267 Orelli

395 4294 491 4352 cecidit
506 4295 671 4367 Hauptias:
687 4294 757 4352 cadit
775 4295 800 4351 Τ
883 4295 942 4353 689
965 4297 1017 4352 rite
1032 4312 1102 4352 unus
1118 4295 1189 4368 perit
1206 4294 1303 4352 Orelli.
1343 4293 1466 4352 Contra-

324 4382 370 4435 ria
387 4387 429 4476 σε]
444 4383 586 4438 sententia
601 4399 627 4437 v.
644 4377 715 4436 224.
733 4379 793 4437 345
