3228 5184
425 1149 431 1160 ,
475 1077 652 1152 Addende
679 1083 717 1152 et
744 1078 973 1175 Corrigenda.

671 1263 779 1272 ——-

223 1381 254 1428 In
274 1380 445 1446 corrigendis
463 1379 584 1445 plagulis
603 1395 663 1430 cum
684 1376 757 1431 Gur.
775 1377 949 1446 Halmius,
968 1385 1015 1447 qui
1033 1400 1086 1434 666
1106 1386 1158 1436 sibi
1171 1387 1219 1436 sed
1234 1387 1298 1438 aliis

156 1452 183 1496 et
201 1446 301 1497 litteris
318 1453 400 1500 natus
419 1463 480 1498 esse
498 1448 617 1511 videtur,
636 1448 775 1499 indefesso
794 1465 837 1499 me
851 1451 942 1500 studio
961 1451 1116 1516 adiuvaret,
1136 1453 1296 1506 factumest

154 1519 186 1563 ut
204 1514 353 1566 nonnullae
373 1517 433 1566 eius
456 1516 645 1574 coniecturae,
672 1531 792 1580 quasue
812 1518 956 1582 typotheta
979 1519 1062 1569 nimis
1085 1525 1233 1571 vexaretur
1252 1523 1298 1572 ad-

154 1583 294 1633 666661οηί
313 1585 428 1634 criticae
447 1585 569 1634 inserere
587 1583 730 1635 molestum
749 1589 818 1647 erat,
837 1586 1026 1651 opportuniori
1039 1587 1099 1637 loco
1113 1589 1298 1640 reservandae

155 1653 257 1700 essent.
292 1651 350 1702 Eas
369 1651 454 1719 igitur
475 1651 527 1701 lroc
544 1650 620 1716 loco,
644 1666 697 1716 quo
720 1651 880 1719 palinodiae
903 1654 983 1705 nobis
1007 1655 1152 1707 canendae
1177 1657 1297 1721 fuerunt,

153 1719 343 1783 proponendas
363 1719 592 1770 existimavimus.
829 1721 833 1728 ⁴

220 1785 262 1835 Ad
280 1802 343 1852 pag.
364 1789 403 1837 15.
440 1786 519 1848 Quod
538 1786 595 1836 dixi
614 1786 762 1855 Publilium
780 1789 935 1839 sententias
954 1792 987 1841 36
1006 1791 1096 1842 66468
1115 1791 1151 1842 61)
1164 1792 1296 1857 Euripide

153 1855 317 1919 sumpsisse,
342 1855 370 1913 id
390 1855 486 1920 scripsi
512 1855 678 1905 auctoritate
697 1853 849 1920 Scaligeri,
875 1871 953 1922 quem
976 1857 1031 1912 vid.
1049 1858 1160 1923 epistul.
1187 1862 1237 1910 348
1256 1860 1297 1916 66,

152 1922 286 1976 Francos.
305 1923 371 1972 anni
390 1925 464 1975 1627.
500 1921 554 1972 Sed
573 1938 625 1987 quo
642 1921 704 1972 loeo
717 1921 845 1987 legantur
856 1939 954 1975 versus
965 1927 1061 1989 graeci
1074 1927 1102 1975 16
1115 1927 1297 1978 adnotatione

154 1989 297 2044 661166.
319 2006 335 2040 a
358 1991 437 2040 nobis
461 1989 608 2055 adscripti,
636 1990 717 2040 immo
741 1991 832 2040 sintne
856 2007 885 2042 re
910 2007 977 2042 vera
1001 1993 1142 2059 Euripidis
1171 2011 1206 2044 an
1227 1995 1298 2046 alius

152 2062 261 2123 poetae,
280 2058 397 2108 nondum
415 2057 495 2108 nobis
514 2056 685 2123 exploratum
703 2061 754 2106 est.

221 2126 289 2192 Pag.
308 2127 350 2190 54,
370 2126 440 2179 med.
460 2123 600 2188 aliquod
619 2123 802 2191 lectiones]
823 2125 877 2190 leg.
898 2126 1039 2190 aliquot.

248 2229 262 2256 ,‚
306 2195 347 2244 64.
368 2195 400 2244 16
418 2191 543 2243 codicum
563 2196 719 2257 conspectu,
739 2208 819 2257 quem
833 2195 861 2242 in
874 2193 989 2258 singulis
1003 2197 1112 2260 paginis
1126 2195 1300 2247 adnotationi

425 2261 541 2310 criticae
560 2261 775 2326 praeposuimus,
795 2261 899 2310 lunulis
919 2260 949 2323 ()
970 2260 1081 2312 codices
1095 2259 1192 2314 rnen
1210 2265 1298 2314 inclu-

440 2330 446 2341 ·
615 2328 622 2340 ·
776 2333 784 2359 r
844 2355 876 2363 ..
918 2345 924 2358 ·
1175 2335 1183 2362 6
1228 2333 1234 2345 ·
1278 2333 1284 2344 ·

424 2327 852 2512 Ξᾘζῗὲζδξέὲ6114315οῃέὶιέ,
865 2325 1170 2460 61ὲὲ1136Ῑὲ666)
1179 2346 1299 2450 elib

427 2481 460 2514 ex
478 2478 514 2513 ns
532 2478 561 2511 m
633 2505 638 2517 ,

250 2571 264 2598 ,‚
309 2535 351 2592 66,
371 2533 405 2583 ad
424 2548 451 2582 v.
471 2532 503 2581 10
521 2531 635 2581 iacias
654 2532 710 2580 iam
727 2531 902 2582 Ribbekkius
921 2531 1087 2586 emendavit.
1137 2587 1140 2594 ,

239 2619 263 2666 ·,,
308 2604 350 2664 73,
368 2603 397 2651 in
416 2599 510 2650 adnot.
530 2598 564 2648 ad
582 2615 608 2649 v.
629 2600 677 2649 166
694 2595 807 2666 ineest]
827 2598 882 2664 leg.
901 2598 1003 2649 deest.

248 2707 263 2732 ‚,
307 2671 347 2730 76,
367 2684 392 2723 v.
413 2670 461 2718 143
479 2663 593 2732 multo]
614 2665 733 2717 16616666
755 2663 881 2732 [saepe]
901 2663 1041 2718 Halmius.

248 2775 262 2800 „
307 2740 349 2798 77,
367 2752 392 2789 v.
413 2737 461 2786 179
479 2733 724 2785 16616666661666
743 2735 886 2801 perdere
905 2733 954 2784 nil
972 2739 1088 2799 potest
1106 2732 1247 2788 Halmius.

249 2842 265 2867 „
309 2808 350 2857 78.
370 2806 411 2867 79,
429 2804 458 2853 16
476 2802 570 2854 adnot.
583 2800 618 2851 ad
636 2819 660 2855 v.
675 2804 724 2853 193
737 2807 765 2852 et
777 2805 827 2853 200
839 2801 958 2852 delenda
970 2807 1033 2851 sunt
1045 2804 1144 2854 verba:
1164 2806 1299 2856 inserta

426 2875 478 2922 est
496 2869 579 2920 libri
595 2867 749 2920 Gelliani
769 2874 798 2918 66
815 2870 953 2934 gravius
971 2866 1027 2920 PR

249 2979 263 3003 „
308 2942 350 3005 86,
368 2940 398 2989 16
416 2938 509 2988 adnot.
531 2937 567 2986 ed
584 2952 610 2987 v.
629 2937 751 3002 2141eg.
771 2936 953 2999 occultum,
972 2953 1027 2988 nou
1046 2939 1228 2992 oecultum.

249 3045 264 3072 „
308 3011 350 3072 96,
369 3022 396 3057 v.
414 3006 464 3058 386
483 3001 600 3070 avaro]
620 3005 684 3055 fort.
704 3009 832 3070 praestet
850 3020 993 3058 uvarum.

249 3113 264 3138 ‚,
307 3078 350 3141 96,
370 3091 395 3126 v.
414 3075 468 3123 444
482 3074 539 3123 ubi
558 3069 640 3137 eius]
663 3072 757 3122 cuius
775 3069 915 3122 Halmius.

249 3181 264 3205 ‚,
293 3146 351 3207 166,
368 3159 394 3194 v.
413 3143 464 3193 498
482 3141 545 3190 Pro
563 3139 650 3190 bdna
670 3137 770 3205 tama]
793 3140 837 3193 Of.
855 3139 963 3204 Proleg.
983 3156 1027 3206 pg.
1045 3143 1086 3194 44,

250 3249 264 3273 ,,
294 3213 339 3262 161
359 3215 388 3261 66
407 3210 455 3259 166
473 3223 517 3261 vv.
536 3209 586 3259 663
605 3212 634 3256 66
651 3208 700 3257 683
724 3210 819 3272 utpote
844 3207 929 3272 spurii
953 3222 1008 3256 uon
1031 3210 1141 3260 uncinis
1167 3205 1223 3276 [],
1249 3209 1298 3261 sed

427 3276 530 3326 lunulis
550 3275 559 3336 (
579 3273 589 3336 )
608 3274 768 3324 includendi
787 3281 874 3329 erant.

248 3383 263 3408 ,‚
292 3346 448 3410 106,Prov.
467 3342 601 3395 946616
620 3338 722 3408 mille]
743 3343 830 3392 Recte
849 3343 1048 3408 Frisingensis:
1073 3343 1138 3394 Sed
1156 3345 1190 3394 16
1208 3360 1243 3394 m.

249 3450 264 3475 „
293 3415 349 3477 112,
368 3429 393 3467 v.
412 3414 463 3463 634
480 3410 538 3460 ubi
556 3409 603 3458 611
621 3410 760 3460 timetur
777 3409 1299 3476 1666606666.066111666661161661611

425 3481 455 3529 iu
472 3478 594 3528 Phaedri
612 3477 687 3534 labb.
707 3477 786 3528 novis
805 3494 849 3543 pg.
868 3479 909 3531 65,
1173 3521 1175 3524 .

249 3585 264 3610 ,,
293 3551 349 3611 114,
369 3564 394 3601 v.
407 3548 458 3597 664
469 3543 650 3611 relinquenda
664 3550 724 3596 erat
736 3545 841 3596 codicis
854 3546 1015 3596 Turicensis
1029 3546 1167 3611 scriptura
1185 3553 1299 3604 semet,

249 3653 264 3678 ‚,
292 3618 349 3679 114,
368 3631 394 3670 v,
412 3615 461 3664 658
480 3615 620 3663 amicum
639 3614 749 3677 gratis
768 3614 840 3664 coni.
859 3609 999 3664 Halmius.

249 3721 264 3745 „
293 3685 349 3745 115,
368 3700 393 3733 v.
412 3684 461 3732 676
472 3677 562 3798 lplus]
585 3680 662 3730 nolui
676 3696 809 3745 reponere
828 3681 957 3744 plures,
977 3696 1012 3731 ue
1025 3681 1159 3733 iambicos
1172 3699 1299 3734 numeros

426 3755 470 3799 tur
491 3758 574 3798 arem.

249 3855 264 3880 „
294 3819 351 3881 166,
370 3822 396 3882 3,
415 3819 438 3877 6,
457 3811 632 3882 Malorum]
652 3815 705 3880 leg,
723 3815 901 3866 Maiorum.

221 3885 348 3950 Denique
365 3885 418 3936 hoc
436 3883 544 3934 nomine
563 3883 630 3933 mihi
648 3883 767 3948 petendo
785 3885 867 3934 venia
886 3889 936 3942 cst,
956 3884 1026 3949 quod
1038 3887 1069 3934 in
1081 3885 1231 3936 afferendis
1243 3887 1300 3936 Μ6-

154 3953 253 4003 666661
271 3953 419 4003 sententiis
438 3957 466 4002 et
483 3951 592 4002 Erasmi
608 3951 724 4016 Adagiis
743 3952 873 4002 maiorem
891 3955 1014 4016 poteram
1033 3952 1164 4004 adhibere
1183 3952 1300 4018 diligen-

153 4023 230 4072 tiam.
261 4021 329 4070 Oum
348 4021 420 4071 enim
439 4019 495 4070 alia
508 4019 666 4084 Gottingae,
686 4019 820 4083 Basiliae,
837 4018 971 4078 Vitoduri,
990 4019 1085 4069 Turici
1102 4019 1212 4070 schedis
1231 4022 1299 4070 meis

152 4088 321 4152 intulissem,
346 4088 403 4138 alia
423 4103 457 4138 ex
475 4087 558 4138 Zellii
577 4086 730 4138 Ribbclrkii
754 4087 925 4152 aliorumque
950 4087 1155 4137 commentariis
1174 4086 1299 4152 deprom-

153 4157 279 4221 psissem,
299 4171 360 4206 sero
380 4155 562 4206 animadverti
580 4171 635 4207 non
653 4171 747 4206 omnes
765 4155 863 4204 iisdem
882 4153 1049 4204 editionibus
1067 4168 1131 4204 usos
1151 4154 1300 4208 66661666,-

155 4239 207 4289 que
226 4224 363 4289 capitum,
387 4224 634 4288 paragraphum,
653 4238 782 4275 versuum
799 4235 940 4284 numeros,
965 4221 1157 4272 16666666666
1176 4222 1299 4273 alterove

154 4292 297 4408 locofigpsa
314 4291 401 4342 verba
420 4290 586 4356 discrepare.
620 4292 698 4354 Quod
715 4291 811 4356 aequis
829 4288 967 4339 iudicibus
981 4293 1142 4340 excusatum
1156 4305 1215 4340 6666
1230 4291 1299 4340 satis

155 4374 207 4410 con
248 4374 272 4411 6.

626 4497 818 4505 -—--·-—-————-
