3228 5184
418 476 524 522 mrsu
547 475 778 524 runsrnmnss
801 475 994 524 susurras.
1220 461 1279 525 127

214 626 445 694 Misericordia
465 649 531 693 non
553 649 697 713 causam,
721 628 779 694 sed
800 629 965 696 fortunam
987 637 1123 715 spectat.

214 728 374 796 Miserum
395 737 429 795 te
450 728 571 814 iudico,
595 730 682 820 quod
704 752 880 818 numquam
902 731 1004 795 fueris
1026 731 1135 795 miser.

215 829 349 897 Modica
371 830 523 918 voluptas
545 831 637 898 laxat
658 834 784 898 animos
808 842 840 898 et
862 842 1033 920 temperat.

215 932 365 998 Monstro
387 932 504 999 similis
528 943 577 999 est
603 935 744 999 avaritia
765 934 873 999 unica.
1245 1020 1248 1025 Ι

119 1039 192 1101 210
214 1035 369 1102 Morbum
391 1057 463 1102 esse
479 1037 563 1104 scias
579 1059 644 1102 non
659 1034 869 1119 hilaritatem,
892 1056 1022 1123 semper
1036 1035 1183 1100 arridere
1196 1037 1276 1101 arri·

539 1138 693 1204 dentibus
722 1146 754 1202 et
780 1136 823 1202 ad
851 1138 995 1202 omnium
1020 1138 1278 1203 aestimationem

537 1241 646 1328 ipsum
668 1261 795 1327 quoque
818 1262 853 1304 os
877 1239 1043 1305 diducere.

215 1339 365 1408 Mortalis
387 1363 482 1406 nemo
505 1351 564 1425 est,
589 1364 686 1429 quem
708 1363 774 1405 non
795 1342 937 1425 attingat
959 1338 1061 1406 dolor.

215 1442 357 1508 Mortem
379 1443 495 1508 timere
518 1442 683 1508 crudelius
708 1451 757 1506 est
779 1465 876 1530 quam
897 1442 991 1506 mori.

214 1543 378 1610 Muliebre
401 1554 450 1610 est
471 1545 581 1610 furere
603 1546 721 1610 inira.

215 1645 314 1711 Multi
337 1645 414 1710 dum
437 1645 508 1711 falli
530 1655 657 1734 putant,
681 1645 797 1711 fallere
819 1645 947 1710 docent.

121 1753 192 1813 215
214 1747 343 1813 Natura
364 1749 469 1813 vincit
490 1758 641 1814 naturam
664 1735 767 1812 et‘dii
790 1745 879 1812 deos.

214 1848 287 1913 Nae
309 1849 487 1915 virtutibus
510 1850 620 1916 multis
644 1849 800 1932 abundat,
824 1848 880 1936 qui
903 1846 1025 1913 alienas
1047 1855 1144 1911 amat.

213 1949 359 2017 Necesse
380 1962 432 2016 est
453 1951 572 2018 multos
595 1953 720 2034 timeat,
743 1973 840 2038 quem
861 1948 957 2014 multi
979 1950 1105 2015 timent.

214 2052 430 2118 Necessitatis
454 2063 504 2118 est
525 2052 705 2118 remedium
727 2053 881 2140 parcitas.

214 2152 343 2238 Negata
366 2164 415 2219 est
436 2156 564 2240 magnis
588 2153 765 2220 sceleribus
788 2174 917 2240 semper
938 2150 1031 2218 fides.

122 2261 193 2321 220
214 2254 319 2322 Nemo
341 2258 388 2321 ita
410 2278 535 2344 pauper
556 2257 643 2322 vivit
665 2278 762 2343 quam
783 2265 880 2320 natus
903 2263 965 2329 est.

217 2357 322 2422 Nemo
344 2368 453 2445 potest
475 2380 648 2446 personam
671 2358 729 2422 diu
751 2357 836 2421 ferre
851 2357 978 2422 fictam:
1001 2355 1077 2421 ficta
1092 2355 1157 2421 cito
1172 2355 1207 2419 in
1220 2377 1276 2419 na-

536 2469 642 2524 turam
665 2480 757 2524 suam
778 2457 940 2525 recidunt.

218 2562 322 2627 Nemo
345 2560 488 2650 prudens
510 2564 606 2650 punit
628 2563 704 2650 quia
719 2570 888 2650 peecatum
904 2569 962 2644 est,
985 2559 1099 2626 sedne
1114 2568 1276 2647 peccetur.

215 2663 320 2729 Nemo
342 2685 455 2749 regere
477 2673 586 2750 potest
607 2665 672 2728 nisi
696 2664 805 2749 etqui
826 2664 908 2748 regi.

214 2765 329 2849 Nemo,
353 2767 409 2852 qui
431 2766 538 2852 coepit
561 2787 603 2830 ex
625 2787 671 2849 se,
694 2767 796 2830 risum
818 2763 978 2853 praebuit.

124 2873 190 2932 225
216 2865 372 2953 Nequitia
393 2889 497 2954 poena
519 2870 663 2932 maxima
685 2867 825 2953 ipsamet
848 2868 899 2930 sui
922 2873 981 2929 est.

214 2968 328 3033 Nescit
350 2970 378 3034 is
400 2990 526 3050 nocere,
550 2971 606 3058 qui
627 2991 745 3034 nocere
767 2967 853 3032 velle
875 2965 1031 3054 prodidit.

214 3069 270 3134 Nil
293 3071 391 3156 eripit
413 3070 552 3155 fortuna,
575 3073 640 3137 nisi
663 3070 749 3158 quod
773 3080 805 3135 et
827 3069 929 3134 dedit.

215 3170 272 3236 Nil
293 3194 389 3258 posse
412 3194 607 3261 quemquam
629 3182 792 3238 mortuum
812 3171 876 3236 hoo
898 3179 948 3235 est
969 3169 1092 3235 vivere.

216 3399 276 3458 206
302 3399 353 3457 Go.
370 3399 433 3456 Sen.
451 3399 484 3456 de
500 3399 577 3456 olem.
596 3398 625 3472 2,
642 3399 671 3471 5,
690 3400 707 3456 1
797 3399 857 3457 207
882 3399 923 3456 Gr
938 3415 971 3455 er
986 3397 1046 3454 cod.
1061 3396 1144 3453 Pelet.
1161 3397 1273 3454 Senis

124 3483 233 3559 provid.
250 3483 281 3556 4,
298 3484 316 3541 3
404 3484 464 3542 208
487 3488 522 3542 R.
539 3484 601 3541 Sen.
618 3483 845 3557 (111112,20,3
933 3483 993 3542 209
1019 3484 1067 3539 Go.
1086 3482 1122 3538 lle
1137 3499 1204 3538 mor.
1223 3482 1272 3554 18,

124 3569 183 3625 Cio.
201 3568 234 3626 de
249 3576 351 3626 senect.
370 3571 419 3642 18,
437 3570 475 3627 66
563 3569 626 3627 210
649 3570 696 3626 Go.
714 3569 777 3626 Sen.
793 3569 826 3625 de
842 3570 918 3624 elem.
937 3568 966 3640 2,
984 3566 1048 3639 6,4
1135 3567 1193 3622 211
1220 3568 1273 3622 Βο.

125 3653 222 3727 Eurip.
244 3671 287 3727 sp.
309 3654 361 3710 Cio.
378 3654 458 3711 Tusc.
480 3655 515 3727 3,
532 3654 587 3727 25,
604 3654 643 3711 59
731 3653 792 3709 212
815 3655 864 3709 Pa.
885 3653 947 3708 Son.
969 3649 1031 3707 lire.
1046 3649 1174 3706 Controv.
1192 3651 1226 3722 3,
1243 3651 1273 3723 5,

125 3744 199 3794 extr.
215 3755 262 3812 pg.
281 3737 353 3809 370,
369 3739 387 3795 5
403 3739 451 3796 Bu.
518 3739 579 3797 213
602 3739 657 3795 Pn.
675 3737 738 3793 Sen.
755 3738 788 3793 de
804 3737 882 3793 clem.
900 3737 929 3809 1,
946 3737 975 3808 5,
991 3735 1009 3793 5
1076 3733 1137 3791 214
1161 3736 1273 3804 (1811.

125 3823 291 3896 epist.3,3
391 3823 452 3879 215
476 3825 525 3880 Pa.
627 3822 687 3881 216
712 3823 761 3878 Gr.
780 3821 848 3878 Plin.
865 3823 942 3895 epist.
962 3823 990 3893 1,
1008 3821 1058 3893 17,
1074 3820 1104 3876 4.
1136 3819 1176 3877 Gi.
1193 3839 1273 3895 supra

126 3907 335 3980 pg.·107,110
394 3909 453 3965 217
478 3909 526 3965 Ps.
542 3908 669 3964 Laberius
686 3926 711 3962 v.
728 3907 788 3965 126
803 3906 880 3963 Ribb.
896 3931 938 3953 =
953 3907 1016 3964 Sen.
1033 3906 1066 3962 de
1081 3908 1119 3962 ire
1141 3905 1170 3977 2,
1188 3906 1237 3978 11,
1255 3906 1272 3962 3

216 3991 276 4050 218
300 3993 347 4049 Ps.
364 3993 439 4048 Coeo.
456 3992 529 4048 Bolb.
547 3993 617 4049 llon.
636 3992 685 4064 11,
702 3992 731 4064 5,
747 4011 795 4067 pg.
812 3991 851 4047 22
937 3992 996 4049 219
1021 3991 1069 4048 Pr.
1087 3991 1150 4046 Seu.
1165 3989 1272 4064 Hippol.

131 4075 192 4132 162
279 4077 342 4136 220
364 4076 637 4134 Gr.ercod.Pslat.
656 4077 766 4133 sende
786 4076 972 4151 provid.8,6
1059 4074 1273 4132 22161811.

128 4161 258 4217 dealem.
277 4163 380 4236 1,1,6.
403 4161 442 4218 Gi.
459 4179 540 4236 supra
556 4180 602 4236 pg.
621 4162 691 4234 123,
709 4162 768 4218 137
827 4160 887 4217 222
905 4163 940 4217 R.
956 4161 1018 4217 Sen.
1035 4160 1069 4215 de
1084 4161 1122 4215 ira
1140 4160 1168 4232 1,
1187 4159 1236 4231 19,
1254 4160 1271 4216 7

215 4245 275 4305 223
298 4249 334 4304 R.
352 4247 414 4306 Sen.
432 4247 464 4302 de
480 4249 517 4302 irs
535 4246 570 4318 2,
588 4246 643 4320 15,
659 4246 679 4303 4
778 4245 839 4306 224
863 4247 912 4302 Gr.
930 4262 962 4300 ex
977 4245 1037 4301 cod.
1054 4242 1137 4300 Pelet.
1161 4243 1223 4300 Sen.
1239 4243 1272 4299 de

126 4339 215 4388 const.
232 4348 289 4406 sep.
307 4333 356 4405 17,
373 4332 391 4387 2
480 4330 539 4388 225
563 4330 679 4388 Ribbeck
696 4329 767 4402 315,
783 4332 836 4387 Ρη.
860 4330 898 4386 Gi.
915 4346 997 4404 supra
1016 4346 1061 4402 pg.
1079 4325 1186 4400 91,-13

15 4387 16 4454 ἒ
127 4416 190 4474 111
212 4417 262 4473 er.
281 4411 425 4491 (perarua)
439 4433 470 4473 ex
486 4416 635 4472 cosmus
648 4415 725 4472 saec.
738 4415 901 4472 uernans.
911 4413 950 4471 11
1016 4412 1076 4470 111
1098 4414 1148 4470 rs.
1161 4412 1223 4469 sd.
1239 4412 1272 4469 se

127 4509 217 4558 const.
233 4519 289 4576 sap.
303 4502 434 4575 5‚4c011.
448 4503 527 4577 epist.
540 4501 640 4574 59,18
700 4499 760 4558 228
784 4500 833 4556 Ps.
845 4499 919 4557 Grec.
932 4499 1003 4555 11111).
1018 4498 1088 4554 lion.
1098 4499 1165 4571 1,9,
1177 4517 1223 4573 pg.
1233 4499 1271 4557 18
