3252 5180
334 455 376 520 46
771 472 1044 522 110111101111111.

262 703 267 712 ἢ
335 622 442 688 Simili
465 645 572 689 errore
594 623 717 689 Zellius
741 646 872 689 versum
895 625 951 690 ‘Ia
971 627 1019 691 ull
1040 626 1190 708 sapiendo
1211 627 1278 690 vito
1299 631 1343 691 est
1362 629 1474 691 lucau·

334 727 477 790 dissima’
504 747 524 788 a
546 724 689 792 Publilio
712 749 754 790 ex
776 725 876 812 Soph.
899 727 1003 791 Aiace
1024 727 1089 791 554
1116 727 1153 790 ἐν
1175 731 1222 812 τῷ
1245 738 1387 810 φρονεῖν
1408 724 1474 816 γάρ

333 825 440 910 μηδὲν
459 824 593 910 ἥδιστος
607 829 680 910 βίος
693 827 889 910 traductum,
912 828 1031 893 rectius
1047 827 1150 892 Andr.
1169 828 1359 915 Spengelius
1375 829 1473 916 (Con-

333 929 450 992 iectan.
473 928 507 991 in
530 927 630 1015 Soph.
652 938 736 1014 trag.
759 929 910 994 Monach.
936 929 1027 994 1858.
1050 952 1106 1016 pg.
1129 929 1159 993 9.
1185 930 1239 1016 10)
1261 930 1471 995 subditicium

334 1051 405 1094 esse
432 1029 575 1095 dixerat:
608 1031 705 1095 immo
735 1039 903 1117 receperat
924 1030 1079 1113 Bothius,
1109 1042 1145 1094 ut
1166 1029 1285 1096 multos
1307 1031 1402 1115 alios,
1432 1053 1474 1094 ex

333 1130 464 1196 Erasini
492 1131 645 1216 Adagiis.
691 1130 820 1212 Quibus
847 1143 996 1197 accurate
1024 1132 1191 1220 perpensis
1219 1155 1283 1198 non
1311 1142 1360 1198 est
1387 1133 1473 1220 quod

332 1231 474 1318 aliquam
497 1235 732 1298 sententiarum
753 1243 879 1321 partem
900 1234 1136 1300 vetustioribus
1154 1235 1259 1320 poetis
1275 1235 1401 1300 Latinis
1416 1235 1472 1298 ad-

334 1335 526 1403 scribamus,

418 1438 451 1520 7)
474 1435 613 1523 Reliqua
640 1445 690 1500 est
718 1437 798 1501 satis
826 1436 950 1502 nodosa
983 1436 1030 1500 de
1063 1439 1284 1503 sententiis
1318 1439 1357 1502 in
1389 1438 1472 1504 solo

333 1537 474 1602 codice
496 1539 711 1602 Turicensi
734 1541 909 1604 servatis
933 1538 1122 1625 disputatio,
1145 1561 1239 1627 quam
1255 1539 1400 1605 consulto
1415 1541 1471 1604 ad·-

332 1640 395 1704 huc
417 1639 614 1722 distulimus,
637 1648 674 1704 ut
696 1640 725 1704 si
747 1640 826 1726 quid
849 1642 914 1704 iam
935 1650 1049 1705 nostra
1072 1641 1301 1727 disquisitione
1324 1642 1471 1706 effectum

333 1751 434 1823 esset,
466 1740 501 1804 id
528 1743 562 1805 in
592 1763 628 1804 re
649 1752 716 1806 tam
739 1741 876 1806 obscura
897 1741 1023 1829 aliquid
1045 1741 1127 1806 lucis
1150 1743 1290 1807 afferret.
1335 1742 1472 1808 Centum

333 1844 433 1928 igitur
456 1851 488 1906 et
509 1863 626 1906 novem
649 1865 691 1906 ex
705 1840 761 1934 illo
777 1844 888 1908 codice
908 1837 1086 1908 sententias
1103 1844 1207 1909 edidit
1222 1844 1374 1928 Orellius,
1398 1866 1470 1909 con-

332 1952 484 2029 gruentes
512 1942 594 2007 alias
621 1944 664 2006 ad
692 1943 829 2007 verbum
855 1945 924 2008 fere
953 1967 1026 2010 cum
1053 1944 1263 2029 Publilianis,
1292 1945 1371 2010 alias
1399 1945 1470 2032 plus

333 2045 482 2109 minusve
504 2045 690 2109 immutatas
706 2054 738 2109 et
759 2041 911 2110 resolutis
927 2069 1081 2111 versuum
1095 2048 1249 2131 numeris,
1272 2057 1308 2112 ut
1323 2049 1383 2111 vix
1397 2069 1471 2133 poe·

331 2136 398 2212 tam
426 2168 600 2231 agnoscas,
627 2146 709 2210 alias
738 2147 879 2234 denique
901 2147 997 2235 plane
1019 2150 1164 2234 ignotas,
1193 2150 1310 2236 quibus
1333 2149 1375 2212 ad
1398 2170 1471 2233 sup-

331 2248 486 2336 plendum
508 2247 685 2312 Publilium
706 2271 785 2312 usus
808 2247 861 2315 vel
883 2251 990 2335 potius
1012 2250 1133 2315 abusus
1156 2261 1215 2316 est.
1234 2323 1247 2346 ‚
1261 2251 1296 2315 Si
1318 2251 1413 2330 enim,
1435 2257 1472 2312 ut

331 2351 520 2440 perhibent,
554 2350 772 2436 quadraginta
803 2360 869 2414 tres
902 2373 1007 2416 novae
1041 2362 1130 2435 sunt,
1167 2374 1268 2440 prope
1303 2350 1471 2415 dimidiam

332 2453 562 2517 sententiarum
591 2449 850 2515 Publilianarum
883 2463 1009 2539 partem
1041 2454 1249 2518 intercidisse
1279 2451 1470 2516 concluden-

333 2556 409 2619 dum
433 2563 532 2636 esset3
556 2554 737 2618 sinautem
760 2575 873 2617 verum
896 2563 955 2636 est,
980 2556 1176 2639 quodmodo
1199 2553 1352 2637 vidimus,
1375 2553 1471 2638 longe

331 2655 487 2743 plurimas
513 2663 654 2719 aetatem
675 2654 809 2738 tulisse,
836 2656 896 2749 vix
916 2666 1051 2744 possunt
1072 2656 1288 2743 quadraginta
1307 2665 1373 2718 tres
1395 2653 1470 2718 illae

251 2821 255 2828 ,
331 2756 466 2822 Publilii
488 2778 568 2820 esse.
612 2757 664 2818 Ac
686 2755 727 2819 de
748 2765 880 2821 auctore
903 2756 1034 2843 quidem
1052 2759 1285 2823 sententiarum
1300 2755 1383 2819 nibil
1396 2779 1469 2844 pro-

331 2859 381 2924 dit
413 2857 518 2923 codex
550 2859 761 2945 inscriptione
790 2880 918 2942 carens3
956 2861 1084 2924 interna
1115 2868 1307 2944 argumenta
1334 2859 1469 2923 circum-

332 2961 482 3048 spicienti
510 2981 574 3024 non
602 2959 738 3023 dubium
767 2961 845 3042 erit,
880 2961 959 3047 quin
987 2961 1090 3025 multa
1119 2985 1138 3026 s
1167 2958 1309 3025 Publilio
1337 2983 1470 3046 prorsus

331 3063 541 3128 abhorreant:
570 3062 727 3125 octonarii
749 3061 893 3144 iambici,
917 3084 997 3148 quos
1020 3064 1189 3128 constituit
1209 3060 1413 3127 Ribbeckius
1436 3065 1469 3124 u.

331 3166 393 3231 816
419 3174 450 3229 et
473 3165 551 3246 830,
580 3184 653 3227 cum
682 3172 809 3248 poetam
838 3165 973 3228 senariis
1001 3173 1127 3230 tantum
1148 3174 1205 3228 aut
1226 3164 1382 3244 trimetris
1405 3171 1469 3228 tro-

331 3265 451 3330 chaicis
472 3257 567 3330 usum
590 3286 661 3328 esse
684 3274 825 3348 constet3
854 3267 1086 3331 sententiarum
1107 3265 1249 3330 ambitus
1271 3289 1336 3330 non
1358 3265 1468 3349 singu-

329 3366 434 3432 lorum
466 3388 620 3430 versuum
651 3365 770 3429 finibus
810 3367 1090 3454 circumscriptus,
1132 3368 1190 3431 scd
1221 3365 1393 3452 ampliatus
1426 3365 1469 3428 ed

329 3469 462 3534 modum
482 3469 578 3532 unius
607 3465 721 3532 versits
745 3490 817 3531 cum
839 3468 992 3552 dimidio,
1021 3492 1053 3533 v.
1076 3470 1148 3534 818.
1171 3469 1234 3534 839
1256 3467 1367 3551 Ribb.,
1398 3489 1469 3554 par·

288 3642 290 3648 ,
329 3569 429 3636 ticula
451 3572 535 3634 calm
552 3569 645 3634 initio
661 3591 776 3633 versus
792 3572 908 3656 posita,
933 3571 995 3636 830
1009 3571 1109 3635 Ribb.
1154 3570 1259 3651 Quid!
1283 3569 1369 3655 quod
1385 3570 1468 3633 chri·

330 3675 467 3737 stianam
501 3670 598 3735 fidem
631 3673 762 3758 sapiunt
794 3674 935 3738 carnalis
966 3675 1121 3754 cupiditas
1154 3681 1186 3736 et
1215 3673 1361 3736 domiuus
1393 3668 1467 3733 κατ’

331 3772 450 3858 ἐξοχὴν
477 3770 726 3858 intelligendus,
761 3783 892 3838 nostrae
914 3768 1067 3840 editionis
1090 3796 1122 3836 v.
1145 3773 1218 3837 669.
1241 3772 1313 3836 676.
1358 3771 1469 3852 Quare

330 3875 438 3938 omnia
466 3895 503 3938 eo
525 3873 698 3955 inclinant,
727 3884 764 3939 ut
786 3876 963 3939 sententias
986 3875 1180 3938 Turicenses
1202 3883 1258 3938 aut
1281 3872 1405 3960 duplici
1427 3896 1469 3937 ex

329 3977 419 4041 fonte
440 3976 589 4059 haustas,
612 3967 737 4058 aussi
760 3999 870 4042 omnes
893 3977 1025 4041 fuerunt
1047 3975 1266 4058 Publilianac,
1292 3975 1374 4041 adeo
1399 3977 1467 4040 exi-

329 4081 495 4144 stimemus
519 4088 685 4166 corruptas
708 4088 740 4143 et
761 4077 973 4166 interpolatas
996 4099 1083 4160 esse,
1111 4089 1147 4144 ut
1169 4079 1210 4142 de
1231 4080 1273 4143 iis
1295 4079 1468 4144 restituen-

329 4179 380 4245 dis
404 4180 642 4267 desperandum
664 4181 717 4245 sit.

413 4283 463 4364 Ne
486 4305 538 4347 eos
563 4282 695 4369 quidem
710 4305 835 4366 versus,
859 4303 995 4370 quorum
1014 4293 1152 4348 metrum
1173 4304 1288 4348 sanum
1309 4293 1368 4365 est,
1392 4303 1467 4346 cau·

328 4394 380 4449 tus
404 4375 509 4450 editor
529 4386 615 4448 inter
637 4382 838 4449 Publilianos
867 4387 1010 4449 inserere
1032 4383 1135 4468 volet,
1165 4384 1224 4450 sed
1246 4381 1467 4450 Ribbeekiurn

328 4471 416 4550 iente
448 4485 565 4550 fecisse
594 4486 749 4570 arbitror,
781 4487 868 4573 quod
897 4509 950 4552 eos
981 4489 1156 4574 separatim
1188 4487 1306 4574 posuit.
1350 4486 1467 4552 Eidem
