3252 5180
591 475 863 524 1661666666.
1254 461 1295 526 23

149 629 279 716 patriae
306 650 432 710 amore,
462 627 519 692 sed
547 623 623 714 quia
649 625 737 692 haud
759 628 854 714 pauci
877 650 991 692 versus
1013 627 1167 692 11616661
1189 629 1296 694 codici

150 729 292 794 salutem
320 729 450 796 dehent.
495 729 547 793 Of.
576 751 608 792 v.
634 729 683 792 10.
712 729 763 794 33.
792 729 844 792 50.
872 729 925 794 52.
954 729 1005 794 63.
1031 730 1101 794 126.
1128 731 1197 795 130.
1223 731 1293 795 134.

152 832 226 895 166.
249 831 322 894 209.
345 831 418 894 252.
462 829 648 911 Parisinos,
672 829 790 916 quibus
813 831 960 917 proxime
981 831 1109 896 accedit
1130 831 1294 896 Rheinau·

148 933 287 1017 giensiS,
310 932 416 1018 possis
433 931 565 1020 quidem
581 932 690 995 dicere
704 931 811 996 minus
826 931 1037 1016 neglegenter
1051 933 1189 1018 scriptos
1206 954 1292 1015 esse,

149 1033 226 1115 sed,
256 1033 342 1120 quod
365 1031 467 1098 multo
488 1033 622 1120 gravius
646 1042 711 1114 est,
741 1053 851 1097 eorum
874 1055 1043 1115 versuum,
1067 1035 1123 1121 qui
1145 1035 1179 1097 in
1201 1033 1294 1097 Basi-

147 1134 247 1198 liensi
269 1135 431 1220 leguntur,
455 1135 514 1200 vix
534 1157 618 1198 unus
642 1144 692 1198 est
712 1133 847 1216 alterve,
870 1135 926 1221 qui
949 1157 991 1198 ex
1014 1133 1081 1200 solo
1104 1134 1217 1200 codice
1241 1133 1293 1199 Pa

139 1244 206 1301 aut
229 1235 279 1300 Pt
301 1247 358 1301 aut
381 1235 413 1300 R
434 1237 469 1299 in
491 1237 653 1320 integrum
676 1234 878 1300 restituatur.
948 1299 952 1306 ,

607 1461 835 1470 ᾑ--υ-

334 1648 410 1730 III.
463 1647 523 1730 De
554 1645 801 1748 editionibus
819 1644 981 1731 Publilii
1011 1644 1108 1754 Syri.

233 1845 387 1910 Vidimus
415 1846 516 1931 igitur
547 1844 726 1910 Publilium
754 1867 812 1932 per
840 1843 943 1930 multa
970 1839 1292 1911 saecula'oblivione

144 1947 301 2013 obrutum
330 1946 448 2030 fuisse,
478 1949 712 2012 sententiarum
740 1957 847 2011 autem
870 1946 1043 2010 dimidiam
1065 1947 1133 2010 fere
1155 1957 1292 2034 partem,

143 2047 270 2112 additis
298 2049 333 2112 in
359 2047 423 2111 fine
450 2047 524 2112 aliis
553 2070 596 2113 ex
617 2048 885 2114 Pseudoseneoae
913 2047 1014 2131 libro,
1042 2050 1099 2135 qui
1121 2049 1221 2134 vulgo
1243 2050 1291 2112 in-

145 2149 304 2214 scribitur
326 2149 367 2213 de
388 2149 550 2233 moribus,
573 2171 670 2236 saepe
692 2148 904 2236 descriptam,
928 2148 1143 2234 divulgatam,
1166 2149 1291 2215 lectita-

143 2261 214 2316 tam
238 2273 319 2316 esse.
354 2251 404 2314 Ea
418 2251 593 2337 proverbia
608 2251 722 2336 quanti
737 2250 875 2315 iecerint
890 2249 977 2314 illius
993 2250 1113 2315 saeculi
1131 2251 1291 2335 homines,

145 2376 212 2439 quo
234 2375 287 2416 ars
310 2352 547 2439 typographica
570 2351 772 2416 efflorescere
794 2353 912 2438 coepit,
935 2350 997 2416 hoo
1019 2350 1212 2418 documento
1230 2363 1290 2436 661,

146 2454 236 2542 quod
266 2464 405 2524 exeunte
432 2453 560 2519 saeculo
583 2452 659 2517 XV.
683 2475 747 2517 non
775 2452 878 2520 solum
902 2454 1045 2520 Senecae
1067 2477 1199 2540 operum
1223 2455 1290 2518 edi-

144 2557 293 2622 tionibus
315 2555 443 2638 addita,
467 2556 525 2621 sed
548 2554 621 2642 plus
644 2555 995 2642 decies'peeuliaribus
1018 2555 1138 2621 libellis
1162 2557 1197 2620 in
1219 2556 1289 2620 vul-

78 2713 85 2718 .
145 2681 209 2743 gus
233 2659 349 2722 emissa
372 2667 458 2722 sunt.
501 2656 572 2720 Iam
595 2678 668 2720 oum
691 2656 900 2721 Desiderii
923 2658 1078 2724 Erasini
1108 2680 1185 2722 cura
1206 2681 1291 2723 anno

149 2760 232 2824 1515
260 2757 402 2822 Basiliae
430 2758 572 2824 Senecae
600 2747 793 2844 philosophi*
813 2780 912 2844 opera
939 2759 1027 2846 typis
1056 2758 1189 2824 Ioannis
1211 2759 1290 2824 Fro-

147 2862 238 2925 benii
267 2859 430 2946 descripta
461 2859 645 2947 prodirent,
677 2858 783 2925 noluit
811 2859 866 2925 ille
881 2860 1025 2947 'quidem
1053 2860 1207 2948 opusculo
1235 2859 1290 2925 illo

146 2962 285 3026 lectores
307 2961 480 3044 fraudare,
500 2961 557 3024 sed
580 2961 642 3025 hoe
664 2963 789 3026 monuit
811 2969 887 3028 ‘aaa
909 2983 972 3028 esse
992 2963 1134 3042 6666666,
1156 2963 1290 3028 6611661-

147 3065 259 3136 betam
280 3085 317 3128 66
338 3065 461 3141 mimia
493 3064 644 3145 quosdam
667 3065 751 3127 66161
773 3065 958 3146 deprehendi
979 3065 1088 3129 citatos
1110 3065 1198 3146 66661
1219 3062 1290 3129 Get-

148 3167 228 3230 b'um
257 3166 399 3246 altosque
425 3166 595 3230 6661661166
621 3166 759 3228 adiectos
786 3185 848 3230 esso
874 3168 1127 3231 exorationibus
1154 3167 1288 3244 soluts,
1316 3183 1318 3190 ·

98 3311 111 3342 ,ι
147 3265 299 3352 idemque
322 3265 496 3352 separatim
520 3264 624 3329 edidit
646 3265 784 3329 mimos
807 3264 1042 3349 Publianos,
1066 3267 1289 3352 castigatos

148 3378 187 3432 et
215 3366 444 3431 elucidatos
451 3415 460 3449 ,
490 3389 555 3430 666
584 3389 657 3431 6616
679 3366 835 3454 Dionysii
858 3367 991 3434 Catonis
1014 3368 1164 3434 distichis
1188 3378 1220 3433 et
1242 3390 1289 3432 se-

146 3479 237 3556 ptem
260 3468 463 3555 Sapientium
485 3468 592 3550 dictis,
616 3469 672 3555 qui
694 3466 777 3532 liber
799 3480 912 3556 postea
933 3471 1063 3556 saepius
1085 3473 1174 3558 typis
1196 3492 1287 3556 repe-

146 3571 227 3634 titus
256 3580 315 3634 est.
360 3568 426 3636 Sed
455 3591 519 3656 quo
546 3592 631 3634 anno
659 3569 815 3664 Erasmus
838 3569 1016 3634 Publilium
1043 3571 1085 3635 ab
1113 3570 1289 3638 oblivionis

148 3671 268 3735 iniuria
277 3669 499 3750 vindicasset,
524 3671 667 3736 nondum
689 3671 769 3736 satis
790 3670 995 3758 exploratum
1010 3681 1090 3755 erat,
1114 3672 1217 3736 donee
1232 3672 1288 3736 Fr.

145 3772 392 3857 Latendorfius,
423 3773 575 3858 quiante
597 3773 655 3838 hos
678 3772 821 3837 sedecim
841 3795 943 3837 annos
966 3775 1132 3839 seminarii
1153 3774 1289 3862 philolo-

146 3875 214 3959 gici
237 3873 464 3958 Gottingensis
493 3896 618 3939 mecum
646 3874 766 3940 sodalis
794 3874 873 3958 fuit,
900 3877 935 3940 in
958 3875 1146 3941 doctissima
1169 3877 1288 3942 disser-

146 3976 270 4041 tatione
303 3975 504 4060 (Sebastiani
532 3975 652 4040 Franci
681 3976 723 4040 de
751 3976 939 4064 Pythagora
970 3979 1103 4064 eiusque
1131 3977 1286 4064 symbolis

147 4077 326 4165 disputatio
357 4079 588 4142 commentario
619 4076 796 4160 illustrata,
830 4078 959 4144 Suerini
988 4079 1080 4146 1868.
1108 4079 1154 4164 4⁰)
1183 4102 1238 4165 pg.
1267 4081 1287 4144 8

146 4179 283 4260 monuit,
307 4178 483 4244 editionem
505 4180 685 4267 prinoipem
701 4178 850 4266 prodisse
872 4180 1048 4246 Londini
1069 4202 1153 4244 anno
1178 4180 1286 4245 1514.

146 4281 276 4346 Titulus
300 4279 376 4344 libri
398 4280 451 4344 hic
474 4291 539 4345 est:
568 4280 721 4346 Disticha
742 4281 893 4365 moralia,
921 4281 1016 4346 titulo
1039 4281 1189 4363 Catonis,
1213 4303 1286 4344 cum

128 4382 279 4448 scholiis
312 4383 418 4461 auctis
449 4382 579 4448 Erasmi
606 4382 826 4448 Roterodami.
871 4382 1157 4469 Apophthegmata
1184 4381 1286 4448 Grae-

145 4486 216 4549 6166
238 4483 445 4570 Sapientum,
472 4485 649 4574 interprete
671 4485 817 4550 Erasmo.
862 4483 1003 4568 Eadem,
1026 4505 1085 4570 per
1105 4483 1287 4550 Ausonium
