3228 5184
282 475 343 541 124
675 491 894 541 scuranum
916 491 1027 542 11333

364 643 461 709 Felix
482 645 674 711 criminibus
695 644 804 710 nullus
826 667 980 732 umquam
1003 647 1065 710 erit
1088 646 1155 710 diu.

361 745 459 812 Felix
481 756 616 812 estnon
638 749 694 834 qui
716 747 848 812 videtur
870 769 941 812 esse
962 747 1046 830 aliis,
1070 747 1128 812 sed
1154 748 1211 836 qui
1232 747 1305 813 sibi.

281 855 340 914 135
363 847 461 912 Felix
483 846 616 912 videtur
638 849 694 933 qui
716 847 802 912 mala
824 849 954 935 ignorat
976 871 1044 914 sua.

364 948 482 1013 Ferme
504 948 660 1034 fugiendo
682 951 717 1014 in
739 950 846 1014 media
867 950 937 1015 fata
958 951 1145 1016 incurritur.

364 1048 460 1114 Ficta
482 1050 547 1115 eito
568 1049 612 1114 ad
633 1060 783 1116 naturam
804 1051 962 1117 redierint
985 1073 1087 1116 suam.

361 1151 526 1217 Fortunae
548 1150 675 1216 invidia
696 1163 756 1236 est,
779 1154 808 1218 si
831 1154 903 1242 quis
925 1154 1087 1220 immerito
1109 1155 1219 1219 miser.

363 1253 510 1319 Fortuna
530 1253 581 1318 ius
604 1254 639 1318 in
660 1254 820 1338 homines,
843 1277 948 1320 mores
971 1255 1166 1320 nonhabet.

281 1362 342 1422 140
363 1353 509 1420 Fortuna
530 1377 649 1440 magna
671 1354 803 1422 domino
826 1367 876 1422 est
898 1359 1053 1422 servitus.

364 1457 543 1523 Fortunam
565 1458 682 1544 cuique
702 1480 808 1523 mores
831 1459 1021 1544 confingunt
1043 1459 1104 1523 sui.

364 1559 510 1625 Fortuna
531 1558 642 1623 multis
664 1560 722 1624 dat
742 1559 851 1643 nimis,
873 1559 956 1625 nulli
979 1561 1069 1625 satis.

363 1660 510 1726 Fortuna
530 1683 589 1725 nos
612 1660 726 1744 vincit,
748 1661 813 1725 nisi
833 1670 903 1727 tota
923 1662 1077 1727 vincitur.

363 1761 510 1828 Fortuna
531 1784 596 1848 quo
618 1784 665 1846 se,
689 1763 803 1827 eodem
828 1772 861 1828 et
883 1762 1019 1828 inclinat
1041 1762 1146 1829 favor.

282 1870 343 1929 145
367 1863 513 1929 Fortuna
534 1886 596 1928 usu
619 1863 677 1929 dat
697 1864 810 1947 multa,
835 1866 996 1952 mancipio
1018 1864 1111 1930 nihil.

365 1965 532 2053 Frequens
566 1965 713 2032 vindicta
740 1988 917 2054 paucorum
944 1966 1055 2031 odium
1082 1967 1246 2053 reprimit,
1280 1967 1433 2032 omnium

891 2068 1010 2134 irritat.

366 2167 521 2234 Geminat
543 2177 722 2256 peccatum,
746 2190 843 2257 quem
865 2168 978 2234 delicti
998 2191 1065 2254 non
1086 2168 1197 2256 pudet.

366 2270 516 2337 Gemitus
539 2270 666 2338 dolores
688 2271 824 2353 indicat,
847 2293 913 2337 non
934 2265 1106 2337 uindicat.¹

225 2453 230 2463 ,
364 2371 537 2438 Gladiator
557 2373 593 2436 in
615 2394 714 2438 arena
735 2373 907 2440 consilium
929 2375 1029 2462 capit.

283 2479 344 2539 150
366 2471 555 2540 Gloriosum
576 2481 626 2538 est
646 2475 729 2540 iram
751 2475 848 2540 amici
868 2475 1032 2541 amicitiae
1055 2474 1145 2538 dare.

367 2573 498 2641 Gradus
521 2598 541 2640 a
562 2576 689 2661 magnis
712 2577 749 2642 fit
769 2576 813 2641 ad
835 2578 959 2643 maiora
982 2577 1123 2665 saepius.

370 2675 533 2742 Graviora
556 2677 716 2766 quaedam
738 2689 815 2744 sunt
835 2678 981 2745 remedia
1001 2676 1167 2768 periculis.

367 2775 512 2843 Gravius
534 2779 696 2864 irascitur,
720 2782 776 2869 qui
799 2779 888 2869 quod
910 2780 999 2847 dolet
1020 2780 1081 2846 deo
1105 2779 1319 2846 commendat.

366 2881 458 2945 Haec
480 2879 651 2946 clementia
672 2882 855 2970 prinoipem
870 2882 975 2967 decet,
997 2891 1045 2966 ut,
1069 2904 1271 2971 quocumque
1286 2883 1433 2965 venerit,

890 2986 1108 3051 mansuetiora
1129 2985 1239 3050 omnia
1259 2983 1370 3048 faciat.

285 3090 344 3148 155
366 3082 466 3149 Haud
487 3086 593 3150 minus
615 3086 725 3172 turpia
747 3095 823 3151 sunt
845 3087 986 3174 principi
1007 3086 1110 3152 multa
1132 3085 1304 3174 supplicia,
1328 3106 1434 3171 quam

890 3189 1016 3254 medico
1037 3185 1139 3252 multa
1161 3187 1285 3269 funera.

367 3284 441 3350 Hoc
461 3288 565 3373 magis
588 3309 735 3375 premere
756 3289 799 3354 ab
820 3290 880 3375 ira,
904 3312 967 3378 quo
989 3288 1073 3355 iram
1094 3290 1255 3377 presseris
1278 3289 1398 3354 minus.

370 3584 429 3643 133
453 3585 487 3642 1.
576 3583 637 3643 134
661 3539 710 3642 oi.
727 3583 790 3640 sin.
806 3584 955 3642 1313131.
973 3585 1037 3642 133.
1056 3585 1105 3658 13,
1123 3586 1164 3645 10
1248 3583 1308 3644 135
1331 3584 1366 3641 1.
1383 3584 1430 3642 31.

283 3669 345 3726 Son.
362 3670 473 3744 Thyest.
491 3668 551 3728 783
613 3669 672 3727 136
695 3669 729 3726 F.
745 3669 801 3725 liv.
817 3671 847 3741 8,
864 3668 915 3743 24,
931 3670 960 3727 4.
979 3669 1017 3726 Cf.
1035 3669 1230 3745 3113131567
1291 3669 1349 3727 137
1371 3671 1431 3727 Pn.

282 3754 345 3810 Sen.
364 3754 397 3809 de
412 3755 489 3810 clem.
507 3754 535 3825 1,
553 3754 582 3824 1,
599 3754 617 3811 6
633 3757 774 3826 reciduat,
789 3753 861 3810 unde
876 3754 989 3813 Godofr.
1005 3755 1104 3829 aliique
1120 3773 1172 3812 scr.
1190 3757 1348 3813 reciderint

286 3838 345 3897 138
368 3837 424 3895 F.'
479 3838 537 3895 139
560 3839 608 3895 Ρ3.
626 3838 689 3895 Son.
705 3840 785 3913 epist.
801 3839 887 3912 36,6
962 3839 1023 3899 140
1044 3842 1092 3896 Ρ1.
1110 3840 1172 3896 Sen.
1189 3857 1265 3897 com.
1283 3838 1429 3913 sdPolyh.

285 3922 350 3996 6,5
425 3922 482 3979 141
507 3922 561 3979 Bo.
579 3922 659 3979 Corn.
676 3923 743 3998 Nep.
760 3924 815 3979 stt.
833 3925 870 3980 11
956 3924 1014 3981 142
1037 3926 1087 3982 Ρ3.
1176 3924 1235 3983 143
1260 3926 1301 3982 Gr
1316 3941 1348 3980 ex
1363 3923 1427 3981 cod.

283 4007 366 4065 Pelet.
395 4007 786 4082 Sen.deconst.sap.15‚3
885 4008 945 4065 144
968 4009 1017 4067 Ρ3.
1117 4008 1176 4066 145
1200 4011 1248 4067 Ρ3.
1266 4009 1328 4066 Son.
1344 4010 1430 4082 epist.

284 4092 334 4166 72,
351 4093 369 4150 7
457 4090 517 4149 146
539 4093 594 4152 Pa.
612 4092 675 4149 Son.
691 4093 725 4149 de
740 4093 817 4149 clem.
836 4094 865 4164 1,
881 4093 911 4168 8,
928 4094 945 4151 6
1034 4094 1093 4151 147
1116 4095 1165 4152 Ρ3.
1182 4092 1346 4151 63333311).
1363 4092 1427 4151 Par.

284 4179 334 4249 81,
349 4197 395 4253 pg.
411 4176 452 4232 42
557 4177 616 4235 148
641 4177 683 4233 Gr
698 4194 730 4234 cs
745 4177 804 4234 cod.
819 4177 902 4234 Palat.
1006 4177 1065 4238 149
1088 4179 1142 4237 Bo.
1160 4178 1224 4235 Sen.
1242 4180 1320 4253 epist.
1338 4177 1390 4251 22,
1408 4180 1428 4234 1

381 4261 443 4320 150
463 4263 499 4320 R.
515 4263 578 4319 Seu.
594 4262 681 4319 deira
697 4263 726 4335 2,
743 4261 830 4335 34,4
939 4261 996 4320 151
1020 4263 1295 4327 Pn.Sen.declem.
1314 4263 1429 4335 1,1,7

385 4346 444 4404 152
467 4348 516 4404 Ρ3.
534 4346 572 4403 uf.
589 4347 651 4404 Sen.
668 4347 760 4404 Medea
774 4346 836 4405 436
852 4348 893 4404 311
910 4349 1015 4422 Peiperi
1123 4347 1183 4408 153
1208 4349 1240 4418 Q.
1258 4346 1428 4405 (13333311).

257 4494 260 4498 ,
283 4432 343 4489 Par.
361 4432 410 4506 64,
427 4450 473 4506 pg.
491 4431 531 4488 42
620 4430 680 4490 154
703 4433 753 4489 Go.
771 4432 833 4488 Seu.
849 4431 882 4488 de
897 4434 976 4490 olem.
994 4434 1022 4505 1,
1040 4434 1122 4508 16,1
1206 4432 1265 4492 155
1289 4431 1342 4491 Ρ3.
1360 4431 1429 4490 Seu.

285 4516 559 4590 (13313111.1,24,1
649 4517 708 4576 156
732 4516 1299 4593 612.6333.Β3111.Μ311.7,1,ρε.21
1450 4537 1452 4542 ’
