3228 5184
311 431 370 494 126
605 431 608 436 ⁴
707 443 925 491 sunrnnrrnn
948 443 1059 491 ransc

392 596 625 662 Iusiurandum
646 593 745 660 alieni
766 595 867 660 infido
891 595 1102 682 emplastrum
1124 597 1209 660 aeris
1232 604 1292 661 est.

393 697 449 763 Ius
472 719 599 763 omnem
622 719 720 784 supra
739 696 893 762 iniuriam
915 699 1058 782 positum
1080 698 1177 762 scias.

393 799 504 865 Labor
525 800 716 887 imperantis
738 798 880 864 militum
902 801 1071 864 securitas.

310 907 370 968 185
392 902 496 967 Lassa
518 901 694 967 crudelitas
716 923 781 966 non
803 897 860 966 est'
874 901 1022 966 vocanda
1045 901 1228 968 clementia.

392 1005 537 1090 Lepores
560 1004 623 1067 duo
647 1005 702 1088 qui
724 1003 917 1090 insequitur,
941 1003 969 1066 is
992 1011 1142 1068 neutrum
1166 1005 1264 1092 capit.

321 1187 323 1194 Ι
394 1105 524 1190 Lingua
547 1115 597 1169 est
618 1103 818 1191 maliloquax
840 1106 958 1169 mentis
981 1104 1140 1170 indicium
1162 1104 1276 1169 malae.

393 1208 491 1293 Mage
513 1207 661 1273 cavenda
681 1209 859 1272 amicorum
874 1207 1011 1289 invidia,
1035 1228 1131 1292 quam
1145 1205 1285 1271 insidiae
1299 1206 1460 1270 hostium.

395 1310 555 1394 Magister
576 1307 716 1373 infidelis
740 1319 789 1374 cst
811 1310 892 1374 recti
913 1317 1028 1373 metus.

314 1417 375 1477 190
397 1411 552 1496 Magnam
574 1409 737 1475 fortunam
758 1432 895 1496 magnus
917 1412 1043 1474 animus
1068 1409 1172 1474 decet.

395 1512 511 1599 Magni
525 1513 626 1577 animi
642 1521 692 1577 est
705 1513 875 1599 proprium
889 1533 960 1576 esse
972 1510 1193 1599 tranquillum,
1207 1512 1343 1576 iniurias
1356 1520 1461 1599 atque

917 1614 1110 1680 offensiones
1131 1636 1259 1701 semper
1274 1613 1459 1700 despicere.

395 1715 483 1781 Male
504 1714 639 1781 habebit
661 1714 817 1797 medicus,
841 1736 934 1780 nemo
958 1716 987 1779 si
1009 1714 1093 1780 male
1115 1715 1278 1781 habuerit.

395 1815 484 1882 Male
506 1817 598 1880 vivet
621 1817 769 1903 quisquis
792 1818 916 1882 nesciet
937 1817 1020 1880 mori
1041 1817 1135 1882 bene.

396 1919 494 1984 Malis
517 1916 691 2005 displicere
712 1917 841 1982 laudari
863 1928 922 1984 est.

314 2027 373 2086 195
396 2020 482 2086 Malo
504 2021 592 2084 veris
616 2019 779 2084 offendere
802 2043 899 2106 quam
921 2019 1050 2108 placere
1072 2019 1246 2084 adulando.

396 2121 519 2186 Malum
541 2121 684 2212 alienum
706 2130 798 2186 tuum
819 2142 861 2184 ne
882 2121 1000 2186 feceris
1023 2121 1189 2206 gaudium.

395 2223 521 2288 Malum
543 2223 714 2288 consilium
736 2221 913 2287 consultori
935 2225 1112 2309 pessimum
1136 2234 1194 2290 est.

396 2323 582 2389 Maritimus
606 2347 679 2388 cum
702 2325 758 2406 sis,
781 2323 852 2387 fieri
872 2326 1036 2389 terrestris
1059 2347 1150 2389 cave.

361 2464 363 2471 .
396 2425 579 2491 Maximum
601 2424 781 2489 remedium
803 2426 871 2489 irae
893 2449 984 2492 mora
1007 2437 1066 2491 est.

315 2534 378 2592 200
398 2526 493 2592 Mens
516 2529 706 2615 incorrupta
726 2527 859 2592 miseria
881 2532 1109 2616 corrumpitur.

397 2629 535 2694 Minime
556 2631 679 2693 amicus
703 2651 786 2711 sum,
809 2629 957 2694 fortunae
979 2631 1143 2718 particeps
1164 2630 1231 2694 nisi
1252 2630 1313 2695 sim
1335 2651 1439 2693 meae.

397 2730 571 2795 Minimum
593 2732 690 2814 vivit,
714 2732 771 2816 qui
792 2730 839 2794 nil
862 2753 958 2819 quam
980 2734 1083 2797 vitam
1106 2733 1238 2816 cogitat.
1358 2731 1458 2819 [rum.

399 2831 521 2896 Misera
537 2842 586 2898 est
602 2832 774 2918 aegritudo
789 2833 889 2897 animi
903 2833 945 2900 ob
961 2834 1139 2899 alienarum
1155 2837 1296 2922 speciem
1310 2835 1459 2897 miseria-

398 2933 501 2997 Miser
524 2933 591 2998 dici
613 2933 717 2999 bonus
740 2934 803 3017 vir,
826 2957 899 2999 esse
920 2958 986 3001 non
1006 2945 1124 3023 potest.

317 3041 379 3100 205
401 3033 629 3100 Misericordia
651 3044 702 3100 est
723 3036 832 3102 vicina
846 3038 1012 3102 miseriae:
1036 3038 1135 3103 habet
1150 3038 1235 3102 enim
1251 3035 1375 3124 aliquid
1390 3047 1458 3102 tra-

919 3140 1034 3226 hitque
1056 3163 1099 3205 ex
1121 3161 1169 3204 ca.

315 3260 516 3270 *—

402 3365 461 3422 182
484 3366 533 3422 Pr.
550 3363 679 3421 Laberius
694 3384 736 3440 ap.
754 3366 868 3423 Gellium
886 3368 936 3440 16,
953 3368 971 3426 7
1073 3367 1132 3424 183
1155 3366 1409 3423 F.Sen.decle1n.
1429 3365 1459 3438 1,

316 3451 345 3523 1,
362 3450 382 3507 8
470 3449 530 3506 184
555 3451 596 3506 Gr
611 3450 639 3506 2.
657 3450 732 3507 (laec.
747 3451 820 3507 Bnlh.
837 3451 909 3508 Mon.
928 3453 978 3525 30,
987 3453 1024 3526 -1,
1040 3470 1087 3526 pg.
1105 3452 1146 3508 30
1239 3451 1298 3509 185
1323 3453 1371 3508 Go.

316 3536 375 3592 186
399 3536 453 3592 Bo.
470 3532 507 3590 Er
523 3535 666 3609 proverbio
683 3553 780 3610 gracco
796 3534 897 3592 Erasm.
915 3537 999 3611 Adag.
1016 3531 1046 3609 3,
1063 3536 1092 3609 3,
1109 3537 1148 3594 36
1235 3537 1295 3593 187
1318 3537 1366 3592 Pe.
1380 3535 1457 3592 Caco.

314 3620 386 3676 Balb.
399 3621 471 3676 Mon.
484 3620 535 3693 48,
549 3622 578 3692 3,
594 3639 640 3695 pg.
653 3621 704 3692 34,
720 3621 794 3677 Sext.
806 3621 920 3695 Pythag.
935 3629 1005 3677 sent.
1020 3621 1059 3679 74
1075 3637 1134 3677 cnm
1150 3611 1245 3676 adnofi
1254 3621 1345 3677 Orellii
1361 3637 1458 3694 opusc.

315 3721 382 3760 mor.
402 3706 430 3776 1,
447 3705 505 3761 581
524 3714 592 3761 extr.
674 3706 733 3762 188
758 3708 806 3763 Gr.
823 3706 897 3766 Caec.
914 3706 985 3762 Ballr.
1001 3707 1061 3762 Par.
1079 3705 1130 3777 25,
1145 3723 1192 3779 pg.
1208 3705 1250 3762 40
1323 3705 1381 3762 189
1405 3705 1457 3760 Pr.

402 3788 462 3845 190
485 3791 533 3846 Gn.
551 3789 612 3845 Sem
630 3790 664 3845 de
679 3789 756 3847 clem.
775 3791 803 3863 1,
821 3789 851 3864 5,
868 3791 886 3847 5
971 3791 1029 3849 191
1055 3791 1103 3847 Go.
1120 3791 1183 3846 Seu.
1200 3790 1233 3846 de
1249 3790 1327 3846 clem.
1346 3791 1374 3861 1,
1391 3789 1420 3862 5,
1438 3789 1458 3846 5

399 3873 459 3930 192
483 3875 537 3930 Bo.
552 3875 695 3931 Philemon
710 3875 790 3948 frgm.
810 3875 848 3931 12
943 3876 1002 3934 193
1025 3875 1154 3950 Scaliger.
1179 3875 1242 3933 Son.
1259 3875 1293 3930 de
1308 3883 1395 3947 tranq.
1410 3890 1457 3930 an.

316 3956 402 4032 11,4
490 3957 551 4014 194
575 3959 624 4016 Gn.
641 3960 678 4015 De
693 3977 761 4015 mor.
778 3959 821 4017 40
900 3960 959 4019 195
982 3961 1035 4017 Ρη.
1053 3960 1115 4016 Seu.
1132 3960 1166 4015 de
1181 3959 1258 4016 clem.
1277 3959 1306 4031 2,
1323 3957 1386 4031 2,2

316 4043 375 4101 196
401 4043 449 4099 Gr.
467 4043 541 4099 Gaec.
558 4044 631 4100 Balb.
648 4044 719 4100 Mon.
739 4045 767 4116 1,
785 4045 834 4116 16,
850 4063 897 4120 pg.
916 4045 954 4102 19
1047 4046 1105 4102 197
1129 4045 1177 4100 Ps.
1193 4044 1277 4100 Varro
1293 4044 1326 4100 de
1341 4060 1370 4099 re
1385 4051 1458 4099 rust.

295 4127 345 4200 ,3,
361 4127 389 4182 2.
406 4128 507 4185 Gellius
523 4127 553 4200 4,
570 4129 600 4201 5,
618 4130 636 4185 5
735 4129 794 4187 198
818 4131 871 4187 Bo.
887 4129 988 4187 Erasini
1004 4130 1088 4204 Adag.
1107 4130 1136 4201 3,
1152 4130 1182 4202 5,
1200 4130 1237 4185 11
1336 4127 1395 4185 199
1418 4130 1457 4186 R.

315 4212 428 4269 Sende
449 4212 594 4286 ira2,29
696 4214 758 4272 200
778 4217 828 4272 Ps.
931 4215 990 4273 201
1016 4217 1064 4271 Gr.
1081 4213 1156 4270 Caco.
1177 4213 1248 4270 Balb.
1266 4213 1336 4270 Mon.
1355 4213 1458 4286 15,5,

315 4315 361 4371 pg.
379 4297 433 4372 243
451 4297 486 4353 cl.
503 4297 625 4353 Menand.
641 4298 758 4354 Monost.
776 4299 846 4356 263.
865 4300 925 4357 673
1018 4299 1078 4358 202
1102 4300 1145 4356 Gr
1160 4299 1188 4355 2.
1204 4298 1279 4355 llaec.
1295 4298 1366 4354 Balb.
1384 4297 1458 4353 Mon.

318 4382 346 4454 1,
364 4383 393 4455 7,
408 4401 456 4456 pg.
475 4382 513 4440 18
615 4382 675 4441 203
700 4384 748 4441 Go.
766 4384 829 4440 Sen.
846 4384 879 4440 de
894 4384 971 4441 clem.
989 4384 1019 4457 2,
1036 4382 1100 4456 5,4
1198 4383 1260 4442 204
1281 4383 1460 4440 Pe.Sen.‹le

315 4467 420 4540 provid.
438 4467 468 4538 3,
486 4467 501 4522 l
591 4467 651 4526 205
676 4469 725 4526 Go.
741 4469 803 4525 Sen.
820 4469 853 4525 de
868 4469 946 4525 clem.
964 4469 994 4543 2,
1011 4470 1039 4541 6,
1055 4468 1075 4524 4
