3252 5180
583 483 856 544 rnotneonhul.
1252 473 1290 544 19

142 641 232 712 Nam
261 645 406 712 inde2ab
434 646 490 713 illo
518 646 646 712 saeculo
669 648 778 713 omnia
801 657 832 713 et
858 646 1145 734 interpolationum
1167 658 1199 714 et
1220 671 1289 714 cor-

141 749 346 836 ruptelarum
368 771 489 834 genera
510 748 592 814 adeo
614 748 838 832 invaluerunt,
861 760 898 814 ut
919 749 1129 815 diversitates
1152 751 1289 837 scriptu-

117 855 122 862 '
141 872 201 914 rae
223 850 370 915 indicare
391 851 489 915 nimis
511 851 682 916 molestum
704 852 758 916 sit.
801 851 847 916 Ut
868 860 976 916 tamen
998 851 1155 936 exiguum
1175 850 1290 916 saltem

141 951 236 1017 illius
258 953 476 1039 corruptionis
499 952 632 1018 daretur
654 953 830 1039 specimen,
854 953 1090 1040 discrepantias

234 1053 289 1140 10)
312 1054 467 1119 codicis
496 1054 675 1118 Parisi'ni
704 1053 759 1118 lat.
786 1055 869 1119 8049
892 1052 948 1141 (C)
977 1076 1036 1140 per
1063 1063 1206 1120 saturam
1234 1054 1288 1118 de·

142 1165 277 1243 cerptas
300 1157 334 1219 in
355 1155 598 1220 adnotationem
613 1156 760 1219 criticam
775 1158 966 1242 recepimus.
1010 1156 1044 1220 Is
1059 1157 1175 1239 codex,
1190 1178 1288 1220 mem-

142 1259 336 1340 branaceus,
361 1279 402 1321 ex
418 1255 639 1343 compluribus
655 1255 820 1320 fasciculis
836 1259 1046 1344 compositus,
1065 1258 1290 1345 complectitur

143 1359 295 1424 Persium
323 1380 396 1423 cum
419 1357 568 1440 scholiis,
600 1357 806 1443 Petronium,
835 1359 1000 1424 Ciceronis
1024 1359 1066 1422 de
1087 1357 1290 1423 divinatione

141 1460 366 1545 fragmentum
395 1458 522 1525 saeculo
551 1459 677 1526 decimo
706 1469 890 1544 exaratum,
924 1460 959 1524 in
986 1459 1109 1524 ultimis
1132 1459 1288 1525 duodevi-

143 1562 233 1646 ginti
254 1561 342 1627 foliis
365 1561 460 1626 homo
482 1561 601 1647 aliquis
624 1561 740 1627 doctus
763 1561 891 1627 saeculo
913 1562 982 1624 sere
1004 1559 1104 1625 XIII.
1127 1583 1168 1625 ex
1192 1561 1289 1627 Sene-

144 1685 205 1726 cae
220 1663 426 1750 potissimmn
441 1661 593 1748 dialogis,
616 1663 776 1750 epistulis,
797 1664 987 1748 tragoediis,
1004 1685 1045 1727 ex
1061 1664 1289 1729 controversiis

145 1765 290 1830 Senecae
313 1765 431 1851 patris,
461 1787 502 1828 ex
524 1763 608 1829 libro
631 1765 672 1829 de
694 1764 854 1848 moribus,
878 1785 920 1828 ex
941 1763 1083 1829 Caecilio
1105 1764 1225 1847 Balbo,
1249 1787 1290 1829 ex

145 1868 283 1930 Catonis
312 1867 540 1949 monostichis,
570 1867 711 1951 denique
740 1887 782 1930 cx
803 1865 946 1931 Publilio
973 1866 1141 1951 ingentem
1163 1876 1289 1931 senten-

143 1969 266 2032 tiarum
287 1968 486 2052 farraginem
508 1969 645 2032 corrasit
667 1989 785 2054 easque
809 2006 843 2015 —
868 1989 1004 2046 numero
1025 1967 1089 2031 duo
1110 1968 1179 2031 fere
1200 1968 1291 2031 milia

146 2109 186 2117 —
212 2069 254 2134 ad
282 2070 429 2135 ordinem
457 2069 624 2157 alphabeti
652 2068 801 2154 digessit.
845 2068 982 2138 Publilii
1007 2056 1187 2134 sententiae
1207 2068 1290 2132 aliae

144 2170 190 2235 ad
213 2170 385 2236 arbitrium
407 2171 606 2254 immutatae,
630 2170 849 2237 subobscurae
865 2179 897 2235 et
912 2171 1129 2257 corruptiores
1144 2169 1291 2235 consulto
1330 2237 1336 2244 ,

145 2274 302 2355 omissae,
331 2272 415 2336 aliae
444 2272 584 2358 denique
611 2296 670 2359 pro
697 2272 827 2336 modulo
850 2281 883 2336 et
908 2272 1040 2357 ingenio
1069 2271 1208 2336 hominis
1232 2271 1291 2336 lin-

146 2395 236 2462 guae
253 2373 374 2438 latinae
396 2397 462 2440 non
484 2375 644 2463 im'periti,
668 2374 726 2438 sed
748 2374 854 2440 invita
876 2372 1049 2460 pleraeque
1071 2373 1221 2438 Minerva
1242 2395 1291 2436 re·

144 2475 243 2540 fictae
267 2486 353 2542 sunt.

234 2577 392 2643 Ultimum
422 2599 637 2643 commemoro
673 2578 726 2665 11)
750 2577 926 2643 codicem
957 2576 1289 2661 Bambergensem

146 2679 271 2743 saeculi
285 2679 385 2744 XIII.
407 2701 428 2742 a
450 2678 613 2745 Gulielmo
635 2680 771 2768 Meyero
792 2679 940 2766 Spirensi
962 2677 1214 2764 diligentissime
1236 2678 1290 2741 de-

147 2783 306 2868 scriptum
329 2781 474 2864 etmihi,
498 2804 562 2867 qua
583 2781 639 2846 ille
662 2791 712 2862 est
733 2781 950 2862 officiositate,
973 2779 1210 2864 transmissum,
1234 2781 1291 2845 sed

146 2885 196 2949 ite
221 2895 425 2970 corruptum,
455 2892 491 2949 ut
519 2883 734 2949 deterioribus
763 2883 857 2947 libris
885 2883 929 2947 sit
956 2882 1234 2958 adnumerandus:
1264 2884 1291 2945 si

149 3007 214 3071 qua
236 2987 329 3050 offert
351 2987 509 3072 speciosa,
533 2985 620 3050 haud
643 2984 743 3048 dubie
765 3005 873 3047 merae
896 2983 1101 3048 coniecturae
1122 2982 1292 3049 debentur.

148 3073 244 3167 Quae
266 3087 347 3152 mihi
369 3088 433 3152 fuit
455 3109 554 3152 causa
576 3087 656 3151 satis
678 3086 805 3167 idonea,
829 3085 942 3149 curin
955 3083 1166 3148 adnotatione
1181 3086 1293 3148 critica

147 3189 353 3276 paucissimis
376 3197 503 3254 tantum
525 3189 606 3254 locis
629 3189 698 3253 eius
724 3187 866 3251 facerem
888 3187 1098 3252 mentionem.
1142 3186 1292 3250 Prudens

147 3290 279 3376 silentio
309 3291 515 3377 praetermisi
549 3288 695 3354 codicem
728 3288 896 3353 Cusanum
929 3285 1052 3352 saeculi
1081 3287 1162 3352 XII.
1197 3308 1292 3374 quem

148 3392 322 3479 descripsit
337 3392 358 3457 J
361 3391 506 3478 osephus'
517 3392 617 3455 Klein
632 3392 666 3454 in
677 3389 764 3456 libro
779 3391 938 3476 inscripto
955 3388 1078 3453 ‘Ueber
1093 3391 1166 3454 eine
1177 3387 1291 3454 Hand-

149 3494 266 3558 schrift
297 3493 353 3557 des
382 3492 537 3558 Nicolaus
567 3517 633 3559 von
656 3492 757 3577 Cues,
786 3490 894 3557 Berol.
920 3491 1025 3573 1866’,
1053 3491 1137 3555 sicut
1165 3491 1293 3557 codices

147 3596 315 3661 Parisinos
344 3597 470 3682 aliquos
501 3595 623 3660 saeculi
646 3594 740 3658 XIV.
763 3595 840 3680 quia
867 3592 980 3656 critico
1006 3591 1086 3655 nihil
1111 3613 1153 3657 ex
1180 3594 1221 3658 iis
1244 3614 1292 3655 re-

148 3696 276 3762 dundat
298 3696 430 3785 lucri*).
475 3697 586 3762 Unum
609 3696 726 3781 excepi
741 3704 840 3781 atque
855 3692 898 3756 ad
913 3681 1124 3758 illustrandos
1141 3715 1174 3758 v.
1189 3694 1293 3759 636-

100 3864 105 3872 ,
147 3800 208 3863 651
233 3800 268 3862 in
289 3809 398 3885 partes
421 3800 539 3864 vocavi
728 3796 733 3803 ’

235 3901 289 3986 12)
313 3899 493 3965 codicem
526 3900 753 3963 Parisinum
781 3896 848 3962 lat.
877 3897 978 3980 8027,
1012 3897 1293 3961 membranaceum

148 4001 272 4066 saeculi
289 4002 383 4068 XIV.
401 4003 466 4088 (a),
489 4001 577 4066 haud
599 4003 753 4088 ignorans
777 4001 845 4063 eius
869 4000 1097 4064 auctoritatem
1119 3998 1293 4063 admodum

148 4126 220 4169 esse
244 4113 438 4191 suspectam.
484 4104 701 4167 Continentur
724 4102 809 4166 enim
833 4098 888 4165 sol.
905 4101 947 4165 89
962 4123 1009 4187 sq.
1034 4102 1176 4164 Senecae
1199 4099 1295 4162 ‘liber

147 4206 189 4269 de
217 4205 362 4270 moribus
391 4205 444 4269 vel
472 4205 647 4291 disciplina
674 4227 732 4266 seu
758 4201 861 4268 libero
884 4203 1033 4268 arbitrio'
1063 4211 1096 4265 et
1123 4200 1294 4265 ‘Eiusdem

216 4359 244 4428 *)
264 4362 394 4422 Codieern
408 4362 528 4434 ,Publilii
546 4361 745 4413 sententiarum
765 4357 876 4410 saeculo
894 4359 928 4412 X.
947 4358 1092 4424 scriptum,
1111 4356 1157 4422 qui
1175 4371 1248 4408 nune
1266 4356 1294 4406 ln

145 4446 320 4497 bibliotheca
338 4447 421 4498 Firm.
440 4447 547 4497 Didotii
566 4450 738 4509 asservatur,
764 4448 957 4495 commemorat
975 4441 1079 4494 Theod.
1099 4443 1293 4504 Mommsenus,

144 4533 218 4582 uus.
238 4532 326 4584 soen.
345 4531 398 4583 vol.
418 4533 519 4582 xv111.
538 4547 585 4597 pg.
604 4533 662 4582 594.

1057 4617 1092 4664 2*
