3252 5180
352 393 394 457 22
784 407 1057 456 rnouneounun.

353 562 418 644 VI,
443 563 475 626 et
497 560 578 626 libb.
602 561 717 625 XXX.
741 571 773 625 et
795 560 928 626 XXXI.
953 560 1076 648 speculi
1102 557 1276 641 naturalis,
1305 562 1491 646 praemissis

255 667 262 672 ’
352 663 545 750 plerumque
573 661 683 726 verbis
718 663 789 726 ‘Ex
816 662 999 750 proverbiis
1028 661 1237 748 Sapientum'
1265 660 1308 725 ad
1336 661 1491 730 ducentas

242 797 244 804 v
352 766 542 846 sententias,
563 773 630 827 tarn
651 765 809 848 genuinas
833 786 929 850 quam
946 762 1139 829 subditicias
1159 760 1232 826 illas
1249 771 1280 826 et
1295 763 1388 848 quasi
1403 766 1492 827 vica-

353 867 435 949 rias,
458 865 579 930 multas
602 864 728 929 duobus
751 865 899 930 tribusve
913 864 1004 930 locis.
1047 864 1117 928 Nec
1131 862 1220 928 aliud
1236 863 1411 950 quidquam
1428 865 1492 928 nisi

353 966 527 1054 proverbia
549 966 606 1030 illa
621 968 787 1052 cognitum
803 975 871 1032 erat
887 964 1034 1030 Waltcro
1049 964 1181 1030 Burleio
1197 966 1377 1052 ceterisque
1392 966 1492 1031 medii

352 1070 426 1132 aevi
449 1067 677 1155 scriptoribus,
700 1091 780 1154 quos
804 1089 991 1132 enumerare
1013 1090 1078 1132 non
1098 1069 1227 1132 attinet.
1271 1067 1361 1132 Haec
1384 1068 1491 1133 hacte-

353 1191 414 1234 nus
437 1168 478 1232 de
501 1167 666 1235 codicibus
689 1168 857 1234 mutilatis.

437 1268 583 1334 Alterius
612 1270 761 1336 codicum
789 1271 918 1357 stirpis,
948 1270 1001 1334 cui
1029 1268 1158 1357 plenam
1187 1270 1342 1335 debemus
1364 1280 1491 1336 senten-

352 1373 471 1436 tiarum
501 1370 740 1455 collectionem,
770 1371 951 1436 litterarum
974 1367 1090 1437 u-V
1106 1369 1193 1435 ultra
1221 1371 1377 1436 ducentas
1400 1396 1491 1437 sexa-

352 1473 445 1557 ginta
471 1481 504 1537 et
531 1474 671 1560 priorem
702 1481 828 1561 partem
856 1481 985 1537 centum
1014 1472 1083 1537 fere
1111 1473 1260 1538 versibus
1290 1474 1492 1562 ampliorem,

353 1596 437 1639 unus
465 1584 515 1640 est
542 1573 869 1662 propagator'codex
891 1574 1122 1660 Frisingensis.
1167 1576 1251 1639 Nam
1272 1597 1377 1662 neque
1399 1577 1492 1641 Turi-

354 1698 484 1742 eensem
505 1686 561 1741 aut
582 1676 766 1740 Parisinum
789 1676 872 1740 8027
896 1675 948 1760 (a)
972 1679 1042 1764 pari
1065 1674 1135 1741 loco
1158 1698 1277 1764 ponere
1299 1677 1391 1760 lieet,
1420 1701 1493 1742 cum

354 1800 473 1867 paucas
499 1787 625 1842 tanturn
648 1777 960 1864 posterioris-partis
983 1776 1124 1862 (N-V)
1149 1780 1326 1843 sententias
1349 1779 1492 1845 tradide-

353 1881 434 1963 rint,
457 1901 517 1943 nec
539 1878 828 1944 Vindobonensem
848 1889 905 1943 aut
927 1877 1147 1944 Palatinorum
1169 1881 1342 1966 optimum,
1366 1883 1401 1945 in
1423 1885 1493 1968 qui-

343 1981 415 2058 ,bus
438 2003 512 2067 pars
535 2002 690 2046 novarum
712 1981 948 2046 sententiarum
970 1978 1121 2045 alitteris
1136 1979 1258 2046 A—M
1267 1983 1492 2069 incipientium

355 2092 484 2148 servata
507 2092 567 2148 est.

346 2197 350 2207 “
439 2183 486 2249 Ut
512 2193 619 2249 autem
644 2183 864 2270 Frisingensis
886 2182 1120 2270 amplissimam
1141 2186 1375 2250 sententiarum
1398 2185 1494 2250 colle-¹

354 2288 494 2350 ctionem
517 2285 667 2367 exhibet,
695 2287 757 2368 ita,
782 2286 808 2350 si
832 2287 1052 2380 sinceritatem
1074 2286 1254 2372 scripturae
1276 2298 1419 2374 spectes,
1442 2311 1493 2356 ce.-

356 2386 484 2450 dicibus
512 2386 633 2450 saeculi
661 2387 737 2451 noni
766 2408 805 2449 ac
832 2387 950 2451 decimi
977 2385 1113 2452 inferior
1135 2397 1196 2453 est.
1239 2389 1285 2453 Ut
1307 2397 1431 2452 taccam
1453 2387 1495 2451 de

355 2488 549 2575 quibusdam
565 2487 823 2572 interpolationis
839 2489 1000 2574 vestigiis,
1022 2489 1212 2575 praesertim
1227 2488 1306 2553 ordo
1323 2490 1496 2554 verborum

356 2589 486 2675 saepius
508 2589 590 2654 adeo
612 2589 761 2657 turbatus
785 2599 844 2673 est,
867 2598 902 2654 ut
925 2590 1050 2654 librarii
1065 2611 1158 2654 aures
1174 2611 1194 2653 a
1208 2591 1407 2654 senariorum
1422 2592 1494 2654 icti-

355 2691 418 2755 bus
447 2690 570 2775 alienas
602 2690 704 2756 fuisse
737 2700 857 2779 pateat.
903 2691 1057 2757 Servavit
1089 2701 1196 2755 tamen
1225 2714 1308 2757 unus
1336 2693 1495 2758 voeabula

354 2792 479 2879 aliqua,
510 2793 649 2879 quaein
671 2795 787 2859 ceteris
815 2794 983 2859 codicibus
1011 2793 1160 2858 omnibus
1182 2793 1432 2877 interciderunt,
1461 2819 1494 2858 r.

358 2896 418 2959 132
439 2917 541 2978 samec,
571 2896 634 2959 244
655 2898 763 2975 ctione,
792 2896 854 2960 263
876 2897 960 2977 quod
979 2896 1068 2960 videt.
1113 2894 1234 2959 Iisdem
1257 2896 1327 2959 fere
1350 2906 1382 2961 ct
1404 2898 1494 2961 vitiis

356 3007 388 3060 et
404 2998 582 3062 virtutibus
598 2997 778 3084 praecellit,
801 2997 857 3083 qui
873 2997 902 3060 ei
918 2997 1011 3082 quasi
1027 2998 1285 3081 consanguineus
1307 3007 1367 3080 est,
1391 2998 1496 3063 codex

355 3097 621 3164 Vindobonensis
637 3097 816 3182 mutilatur,
827 3099 896 3184 'qui
918 3097 979 3163 hoc
994 3096 1158 3182 singulare
1174 3097 1281 3179 habet,
1304 3101 1390 3185 quod
1407 3100 1495 3165 solus

356 3198 476 3262 formas
494 3199 623 3287 aliquas
652 3210 799 3266 vetustas
822 3198 970 3283 exhibet,
993 3208 1030 3262 ut
1051 3221 1083 3262 v·
1107 3198 1145 3263 18
1162 3205 1250 3282 pote,
1274 3199 1315 3264 84
1336 3203 1495 3283 repremit-

358 3321 435 3380 rmm,
458 3301 500 3365 92
516 3303 679 3384 periclum.
724 3302 815 3365 Inter
837 3309 961 3365 ceteros
977 3300 1163 3364 Turiccnsis
1179 3299 1288 3388 aliqua
1304 3323 1401 3366 verae
1416 3303 1495 3366 scri-

356 3411 470 3489 pturae
492 3404 633 3488 vestigia
655 3402 742 3468 solus
765 3423 913 3467 servasse
935 3402 1077 3486 videtur,
1100 3401 1159 3466 sed
1182 3423 1219 3466 ea
1241 3403 1365 3467 incerta
1387 3402 1497 3468 reddit

356 3503 624 3591 interpolatorum
645 3504 794 3588 licentia,
818 3525 899 3590 quae
920 3512 1012 3568 tanta
1034 3513 1098 3587 est,
1121 3513 1157 3567 ut
1179 3526 1262 3590 quae
1283 3526 1390 3568 merae
1401 3503 1495 3592 ¹lubi-

357 3605 428 3668 dini
455 3604 629 3670 tribuenda
657 3607 738 3689 sint,
768 3628 851 3693 quae
873 3604 1040 3670 codicibus
1064 3603 1116 3669 vel
1139 3603 1327 3670 melioribus
1351 3605 1404 3668 vel
1426 3627 1496 3669 cor·

356 3707 477 3792 1uptis,
506 3729 603 3792 aegre
630 3730 726 3795 saepe
749 3708 921 3772 diiudices
965 3706 1085 3793 Aliqua
1107 3717 1215 3771 lamen
1237 3705 1497 3793 interpolationis

357 3817 500 3871 monstra
523 3817 594 3872 orta
616 3831 686 3872 esse
708 3810 862 3873 videntur
884 3831 926 3874 ex
942 3808 1053 3874 codice
1067 3818 1124 3872 aut
1139 3818 1291 3898 corrupto
1307 3818 1363 3873 aut
1378 3808 1497 3873 litteris

358 3909 464 3972 minus
488 3907 582 3973 claris
602 3912 733 3998 scripto,
756 3911 861 3976 veluti
877 3933 909 3974 u.
925 3911 964 3976 91
981 3913 1160 3993 lupratultu
1176 3909 1225 3994 (iu
1243 3913 1385 3993 pretium
1406 3912 1496 3996 tuto),

357 4010 419 4076 483
436 4013 516 4093 petit
538 4011 695 4096 (potenti).

443 4110 537 4192 Quae
566 4135 640 4177 cum
666 4113 714 4177 ita
736 4114 816 4195 sint,
845 4114 985 4177 Parisini
1009 4113 1061 4179 Pu
1083 4123 1115 4178 et
1138 4112 1199 4196 Pb,
1221 4113 1497 4198 Rheinaugiensis

357 4223 455 4301 atque
470 4203 661 4280 Basiliensis
684 4213 725 4278 de
747 4215 855 4302 palma
877 4225 1012 4279 certant.
1057 4213 1204 4294 Quorum
1227 4215 1256 4279 si
1270 4214 1497 4299 Basilicnsem,

358 4318 414 4400 qui
436 4317 506 4402 ipse
530 4316 718 4382 Basiliensis
742 4321 819 4400 sim,
850 4319 1006 4404 optimum
1029 4339 1101 4381 esse
1127 4317 1217 4400 dieo,
1247 4339 1440 4403 quamquam
1462 4318 1499 4382 in

306 4469 309 4473 .
358 4417 419 4481 hoc
446 4424 573 4504 quoque
599 4418 703 4484 multa
731 4417 879 4484 socordia
905 4428 1038 4505 peccata
1066 4428 1158 4503 sunt,
1187 4418 1222 4484 id
1249 4440 1314 4483 non
1341 4418 1377 4483 fit
1400 4441 1497 4485 caeco
