3228 5184
478 494 634 542 PUBLILII
657 495 736 544 sunl
758 493 986 544 §curcurlum

239 648 383 711 Lucrum
404 648 475 711 sine
498 646 616 712 damno
638 648 772 712 alterius
795 648 865 713 fieri
887 671 953 713 non
974 657 1094 736 potest.
1174 681 1177 688 ⁴

239 748 394 813 Lascivis
416 756 448 812 et
470 747 540 814 laus
562 771 739 836 numquam
761 749 882 814 habent
904 749 1123 815 concordiam.

239 851 363 936 Legem
384 871 505 915 nocens
527 860 668 933 veretur,
691 852 855 918 fortunam
877 852 1044 916 innocens.

152 960 220 1019 300
241 953 372 1036 Libido,
395 974 461 1017 non
480 953 640 1017 iudicium
663 953 820 1039 estquod
843 951 960 1018 levitas
983 953 1081 1041 sapit.

237 1053 359 1120 Libido
381 1047 638 1120 cunctos'etiam
661 1055 721 1120 sub
745 1055 839 1120 vultu
861 1054 982 1120 domat.

237 1157 468 1243 Longinquum
490 1166 540 1221 esi
562 1177 667 1239 omne,
692 1156 779 1243 quod
802 1156 965 1243 cupiditas
987 1156 1126 1242 flagitat.
1171 1202 1173 1206 .

237 1259 365 1344 Lapsus
388 1257 489 1322 semel
509 1258 546 1322 fit
568 1257 675 1344 culpa,
699 1259 726 1322 si
748 1258 866 1324 iterum
889 1257 1058 1324 occideris.

236 1362 309 1425 Lex
331 1359 422 1424 videl
442 1360 573 1441 iratum,
596 1360 700 1425 iratus
720 1358 826 1444 legem
847 1382 913 1425 non
934 1359 1037 1425 videt.

149 1470 214 1526 305
237 1461 376 1548 (Legem
398 1460 481 1525 solet
503 1460 654 1527 oblivisci
676 1461 875 1546 iracundia.)

236 1563 333 1628 Locis
355 1563 488 1627 remotis
512 1563 567 1648 qui
589 1560 680 1645 latet,
703 1561 758 1626 lex
780 1573 830 1628 est
852 1563 928 1627 sibi.

237 1664 320 1728 Late
341 1662 450 1728 lucere
470 1666 555 1749 ignis
578 1662 662 1728 nihil
684 1673 721 1727 ut
742 1674 826 1748 urat,
849 1672 968 1752 potest.

237 1767 419 1831 Licentiam
441 1765 499 1830 des
522 1764 664 1851 linguae,
689 1788 762 1829 cum
784 1787 898 1830 verum
921 1773 1024 1851 petas.

237 1867 399 1951 Malignos
422 1867 492 1930 fieri
515 1868 656 1931 maxime
677 1868 799 1952 ingrati
822 1867 949 1931 docent.

151 1979 215 2036 310
236 1969 352 2034 Multis
374 1963 527 2051 minatur,
551 1970 607 2056 qui
629 1970 685 2033 uni
708 1968 787 2033 lacit
807 1955 971 2034 iniuriam.

151 2097 155 2104 ·
237 2070 331 2135 Mora
353 2072 456 2138 omnis
479 2071 554 2136 odio
577 2080 636 2152 osi,
659 2069 718 2134 sed
740 2069 820 2134 facit
841 2063 1045 2158 sapientiam.

236 2171 326 2236 Mala
347 2193 446 2236 causa
467 2181 527 2254 cst,
550 2193 633 2258 quac
653 2172 791 2258 requirit
812 2171 1080 2236 misericordiam.

236 2273 322 2338 Mori
345 2283 395 2338 est
416 2273 532 2357 felicis,
555 2282 728 2360 antequam
750 2282 886 2338 mortem
908 2274 1050 2338 invocet.

151 2604 287 2646 comens
310 2606 335 2643 v.
353 2557 633 2744 {ffilssclffl
645 2584 753 2658 (rue),
777 2604 801 2643 v.
818 2585 1001 2646 302-308:
1020 2588 1055 2660 r,
1072 2605 1096 2646 v.
1113 2585 1295 2658 sos-340:

148 2842 231 2898 spec.
253 2832 314 2882 nat.
337 2825 393 2896 31,
416 2823 494 2896 101,
515 2824 632 2880 universi
653 2825 796 2882 Erasmus
900 2833 943 2881 est
963 2843 1016 2881 om.
1037 2826 1067 2883 F
1173 2824 1249 2882 iubet
1269 2835 1297 2883 et

149 2929 179 2968 rr.
204 2911 283 2968 Vinc.
394 2907 454 2966 297
481 2909 555 2966 TEC
580 2909 660 2966 Vinc.
682 2911 758 2966 Bell.
782 2927 825 2982 sp.
846 2912 871 2966 el.
894 2909 930 2982 4,
954 2909 1012 2967 146
1115 2912 1296 2984 po...Pe,

149 2999 257 3053 ultimis
281 2997 385 3052 litteris
411 2996 554 3065 evanidis,
586 2985 758 3068 potens‘Pb.
811 2993 854 3065 Cf.
877 2995 989 3051 Seneca
1016 2997 1051 3051 de
1076 2998 1123 3051 ira
1148 2994 1183 3066 2,
1203 2996 1239 3067 8,
1262 2996 1296 3065 2;

148 3081 346 3152 Bitsclelius,
368 3095 469 3152 opusc.
486 3081 539 3135 acl.
558 3079 588 3150 2,
605 3079 664 3136 666
773 3079 833 3136 298
857 3080 907 3136 EC
928 3081 1008 3136 Vino.
1023 3080 1100 3136 Bell.
1122 3094 1201 3152 spec.
1221 3082 1296 3137 doct.

148 3166 182 3237 4,
199 3164 258 3223 159
350 3164 407 3220 laus
423 3172 451 3220 et
466 3164 529 3219 lasc.
556 3163 634 3220 Vinc.
733 3164 795 3222 300
815 3163 898 3221 libido
914 3181 969 3220 uon
984 3167 1026 3221 F:
1048 3163 1130 3220 lihido
1147 3165 1211 3236 PR,
1228 3163 1296 3238 libi-3

147 3251 205 3306 dini
217 3253 285 3320 alim
301 3253 421 3321 conieci,
436 3247 518 3305 libido
534 3249 660 3305 indicium
676 3249 790 3305 esicius
806 3267 832 3322 q.
848 3249 867 3304 l.
883 3266 905 3305 s.
922 3250 1067 3307 Pithoeus.
1149 3249 1208 3306 301
1232 3250 1287 3305 cin'-

148 3342 211 3390 ctos
228 3335 388 3392 Salmasius
409 3335 449 3391 ed
464 3333 552 3390 Solia.
570 3351 601 3406 p.
618 3332 659 3390 46
762 3334 888 3408 dampnat
903 3336 964 3393 F,
1035 3334 1096 3391 302
1120 3335 1234 3409 longum
1254 3342 1297 3391 est

148 3420 223 3494 quod
240 3420 302 3491 llag.
319 3437 380 3493 cup.
396 3420 432 3491 F,
448 3419 556 3474 emend.
574 3419 690 3476 Gruter.
736 3418 780 3491 Cf.
797 3439 822 3476 a.
840 3419 898 3478 140
1006 3419 1066 3477 305
1098 3421 1216 3476 Videtur
1231 3435 1295 3476 esse

147 3508 434 3576 interpretamentum
457 3520 558 3560 uersus
570 3508 704 3576 proxime
720 3507 916 3562 antecedentis
1002 3504 1153 3566 obliviscicr
1169 3505 1278 3561 Gruter
1283 3528 1293 3568 ,·

149 3588 271 3646 oblivisci
291 3589 371 3645 solita
392 3598 434 3644 est
456 3589 550 3644 Belle
657 3589 718 3646 306
742 3597 784 3644 cst
804 3589 855 3644 sibi
875 3589 1005 3663 Inuolstn
1027 3588 1077 3644 sibl
1099 3597 1141 3644 est
1162 3591 1191 3645 F

149 3675 212 3732 307
235 3669 252 3708 *
272 3675 342 3748 iguis
369 3674 435 3729 nihil
449 3681 489 3732 ut
510 3690 536 3728 u.
561 3677 605 3731 acl
628 3681 657 3729 ut
679 3691 705 3728 u.
727 3691 753 3728 n.
775 3675 809 3732 i.:
835 3675 907 3748 ignis
930 3683 961 3729 ut
987 3671 1054 3730 nihil
1081 3681 1142 3728 urat
1162 3675 1191 3729 F

149 3759 211 3817 309
236 3758 260 3814 0
279 3759 358 3816 Viae.
374 3759 451 3814 Bell.
467 3775 510 3829 sp.
526 3760 553 3814 cl.
569 3756 600 3831 4,
616 3757 656 3815 54
756 3758 889 3832 malignus
904 3760 958 3831 Pb,
974 3759 1121 3837 malignum
1136 3761 1294 3817 Fabricius

234 3845 344 3899 maxime
360 3844 481 3917 ingratos
496 3842 595 3899 docere
610 3859 690 3917 saepe
708 3843 733 3898 Τ
815 3843 878 3902 310
900 3846 1078 3900 comminatur
1095 3843 1129 3915 T,
1144 3846 1294 3919 imperatur

159 3931 235 3986 Vinc.
253 3929 327 3985 Bell.
343 3944 388 4000 sp.
405 3926 484 3999 (1.4,
501 3927 560 3985 132
662 3927 855 3984 uniPllTFC
876 3931 967 3986 Vina:
990 3930 1061 3985 uiF
1151 3936 1292 3985 contume-

148 4015 210 4070 lium
226 4013 289 4070 lacit
307 4014 338 4084 Τ,
353 4013 449 4068 iniuria
465 4013 494 4067 F
496 4036 507 4076 ;
528 4015 575 4086 qui
590 4013 610 4068 l.
627 4030 653 4068 u.
669 4014 686 4068 i.
703 4013 838 4071 Pittacus
945 4015 1004 4072 311
1030 4014 1052 4071 C
1074 4014 1153 4078 Vina.
1171 4015 1246 4070 Bell.
1261 4011 1292 4084 4,

149 4097 189 4156 94
276 4097 407 4154 odiosaC
505 4098 730 4172 inpatientiam?
839 4099 899 4156 312
924 4099 968 4172 Cf.
985 4118 1009 4155 o.
1025 4098 1088 4156 410
1165 4096 1296 4158 ,malatl

127 4187 307 4241 'Erasmuss
335 4182 396 4238 mali
417 4183 501 4239 PRF
611 4183 672 4238 313
696 4182 739 4256 Of.
762 4185 829 4241 Sea.
852 4186 891 4240 uel
911 4184 1010 4255 Polyb.
1034 4185 1140 4240 consol.
1164 4181 1204 4238 28
1233 4179 1293 4238 ‘Est

149 4285 246 4343 magna
265 4267 379 4324 felicitas
400 4269 427 4323 in
448 4269 504 4342 ipsa
526 4268 653 4324 felicitate
674 4269 828 4325 moriendi'.
872 4271 908 4325 id.
925 4271 965 4324 ud
982 4267 1077 4324 Marc.
1094 4267 1135 4324 20
1157 4267 1242 4321 ‘mors
1257 4267 1291 4324 de

147 4353 230 4410 nullis
252 4352 347 4408 melius
369 4353 464 4408 merila
484 4370 564 4426 quarn
585 4354 618 4410 (le
637 4353 686 4423 iic,
708 4353 740 4408 ad
762 4371 830 4428 quos
853 4355 925 4408 venit
939 4360 1081 4426 autequam
1096 4353 1308 4408 invocaretur’:''

233 4438 338 4494 felicius
359 4438 428 4493 libri
447 4442 562 4511 quidam
577 4440 695 4495 Erasini
715 4445 743 4494 et
759 4439 1038 4512 Gryplisrualdensis
1127 4438 1234 4492 invocet
1249 4440 1310 4514 lu,

147 4527 258 4582 invoces
273 4524 311 4594 R,
326 4523 429 4577 irrvocis
444 4525 479 4597 P,
494 4525 622 4580 invocens
639 4523 748 4597 Grypl.
766 4541 838 4580 mors
853 4525 995 4606 invocetur
1010 4524 1040 4596 C,
1057 4524 1132 4579 unde
1147 4515 1317 4584 coniciass'f
