3252 5180
367 1477 399 1561 l.
449 1477 509 1562 De
539 1478 711 1565 Publilio
742 1478 837 1590 Syro
867 1475 1157 1590 mimographo.

277 1695 404 1759 Nomen
421 1694 554 1760 Publilii
570 1695 646 1782 Syri
668 1697 776 1761 varias
800 1703 970 1783 expertum
993 1705 1042 1760 est
1063 1697 1213 1760 fortunae
1234 1695 1334 1759 vices.

192 1797 276 1859 Nam
300 1817 372 1860 cum
395 1818 453 1883 per
474 1805 595 1881 totum,
625 1799 713 1884 quod
735 1797 865 1882 dicunt,
893 1799 1037 1862 medium
1059 1819 1177 1863 aevum
1198 1797 1233 1860 in
1255 1795 1334 1861 obli·

191 1899 323 1962 vionem
346 1899 519 1964 cecidisset
540 1908 573 1963 et
589 1898 712 1965 Seneca
733 1899 943 1986 philosophus
966 1923 1076 1965 earum
1092 1899 1335 1979 sententiarum,

192 2021 272 2085 quas
289 1999 463 2083 edidimus,
479 2011 593 2066 auctor
609 2011 694 2066 esset
710 2001 853 2085 habitus,
871 2003 982 2067 extitit
997 2001 1128 2088 quidem
1142 2001 1334 2066 Desiderius

193 2102 367 2185 Erasmus,
398 2104 454 2188 qui
481 2101 554 2168 illas
578 2125 636 2167 suo
661 2106 787 2168 auctori
809 2104 1007 2187 vindicaret,
1037 2103 1095 2168 sed
1117 2103 1204 2169 idem
1226 2124 1336 2168 recen·

192 2204 311 2268 tiorum
333 2202 491 2269 librorum
514 2203 705 2292 corruptelis
728 2206 762 2269 in
785 2226 925 2269 errorem
946 2205 1143 2292 implicatus,
1165 2215 1233 2270 tam
1247 2225 1336 2268 mon·

194 2314 335 2370 strosum
349 2305 482 2370 induxit
499 2305 638 2370 Publii
657 2306 748 2394 Syri
769 2329 897 2390 nomen,
913 2315 949 2372 ut
966 2307 1126 2394 quomodo
1142 2327 1337 2394 praenomen

192 2407 228 2470 in
250 2429 367 2472 nomen
388 2406 512 2492 gentile
533 2407 662 2491 abierit,
686 2411 745 2474 vix
767 2407 924 2496 explices,
946 2410 1011 2473 nisi
1033 2409 1119 2473 forte
1138 2407 1181 2472 ad
1197 2407 1336 2472 celeber·
1393 2449 1396 2454 -

193 2509 313 2573 rimum
334 2511 414 2573 iuris
438 2511 660 2597 interpretem,
685 2501 811 2575 Gaium
829 2511 912 2594 dioc,
936 2510 989 2575 vel
1011 2509 1053 2574 ad
1070 2509 1217 2575 Marcum
1240 2531 1336 2573 cvan-

193 2609 344 2695 gelistarn
374 2609 458 2676 velis
487 2632 675 2697 provocare.
720 2613 849 2678 Nostris
879 2622 985 2678 autem
1015 2611 1232 2698 temporibus,
1246 2601 1338 2676 ‘oum

195 2711 354 2797 Silligius,
378 2711 586 2778 doctissimus
603 2712 702 2776 Plinii
726 2713 842 2796 editor,
858 2715 1084 2779 auctoritatem
1105 2713 1226 2778 codicis
1242 2713 1337 2776 Bam-

194 2812 366 2899 bergensis
382 2824 523 2897 secutuS,
539 2836 653 2898 verum
668 2813 843 2880 Publilii
865 2837 984 2880 nomen
999 2824 1114 2902 poetae
1128 2813 1337 2897 reddidisset,

194 2937 214 2978 a
235 2915 359 2998 multis,
382 2925 419 2980 ut
442 2925 492 2980 est
514 2910 744 2980 difficillimum
767 2916 954 2982 diuturnam
976 2918 1109 2981 vincere
1131 2914 1337 2982 consuetudi·

194 3039 280 3100 nem,
305 3019 335 3081 ei
359 3017 521 3102 denegata
543 3026 593 3081 est
614 3016 707 3101 fides,
730 3018 832 3084 donec
848 3019 1029 3102 Ciceronis,
1053 3018 1196 3083 Senecae
1219 3026 1251 3081 41
1267 3016 1338 3081 rhe-

194 3120 275 3183 toris
298 3128 329 3183 et
350 3117 548 3206 philosophi,
572 3118 684 3203 Gellii,
707 3119 878 3202 Macrobii,
902 3119 1096 3206 Hieronymi
1120 3118 1220 3183 libros
1241 3140 1339 3182 manu

195 3221 334 3307 scriptos
354 3220 441 3285 idem
457 3219 593 3285 Publilii
609 3244 760 3288 servasse
774 3243 892 3286 nomen
906 3213 1058 3286 innotuit.
1103 3220 1155 3286 Of.
1171 3220 1256 3285 Plin.
1272 3228 1338 3283 nat.

195 3321 272 3385 hist.
295 3323 352 3405 35,
376 3323 435 3404 58,
466 3323 543 3406 199,
576 3323 645 3388 Cic.
674 3322 716 3387 ad
745 3323 846 3389 Attio.
872 3323 927 3406 14,
950 3324 985 3407 23
1016 3323 1091 3390 Sen.
1115 3330 1261 3388 controv.
1284 3343 1339 3408 pg.

195 3423 270 3505 202,
293 3424 345 3487 24.
368 3423 442 3507 206,
466 3425 497 3488 6.
514 3425 543 3489 8.
559 3425 611 3490 20.
635 3421 707 3490 coll.
724 3424 798 3507 206,
814 3426 934 3509 2211,
957 3425 999 3490 24
1014 3425 1109 3489 Burs.
1154 3424 1229 3489 Seu.
1245 3423 1340 3510 epist.

196 3526 227 3608 8,
245 3525 281 3608 8,
307 3524 393 3590 Gell.
416 3547 448 3588 11.
464 3547 494 3589 a.
512 3526 562 3608 17,
580 3526 637 3610 14,
660 3511 807 3590 Macrob.
831 3525 898 3591 Sat.
914 3526 945 3607 2,
962 3527 991 3608 7,
1015 3526 1081 3607 55.
1096 3525 1127 3590 6.
1143 3524 1179 3608 8,
1203 3523 1340 3588 Hieron.

195 3625 239 3690 ad
261 3626 382 3691 Euseb.
407 3626 524 3692 Chron.
541 3627 624 3692 1974
645 3628 786 3692 Amand.
854 3647 864 3660 '¹

280 3728 377 3793 Nunc
405 3728 552 3811 demum,
586 3739 759 3816 postquam
786 3729 821 3792 in
848 3726 1012 3812 Philologi
1045 3725 1108 3791 vol.
1140 3725 1257 3791 XXII.
1287 3747 1340 3813 pg.

195 3831 260 3895 439
284 3852 351 3916 seq.
374 3840 522 3895 veterum
551 3831 756 3912 testimonia,
786 3837 909 3917 quanta
937 3828 1008 3893 fieri
1035 3838 1163 3915 poterat
1189 3828 1254 3892 fide
1279 3827 1341 3892 col-

196 3930 281 4016 legi,
316 3930 451 3996 Publilii
484 3954 602 3997 nomen
629 3954 649 3995 a
676 3931 858 4018 plerisque,
893 3931 978 3994 inter
1011 3953 1092 4017 quos
1126 3928 1343 3995 Ritschelium
1370 3969 1375 3976 -

196 4034 329 4099 honoris
360 4055 458 4098 causa
485 4035 617 4099 nomino
649 4034 775 4120 (opusc.
803 4031 916 4121 philol.
945 4031 1109 4117 11663),
1139 4031 1270 4118 probari
1293 4030 1341 4093 vi·

198 4137 260 4201 deo
284 4144 316 4199 et
337 4134 379 4199 ab
402 4136 443 4200 iis
465 4145 632 4222 receptum
655 4156 726 4200 esse
748 4134 867 4217 laetor,
896 4135 951 4220 qui
978 4122 1159 4198 litterarum
1181 4134 1341 4197 Romana-

195 4260 269 4301 rum
291 4236 460 4302 historiam
474 4238 660 4325 nuperrime
679 4236 952 4322 conscripserunt,
969 4234 1108 4299 Baehrio
1125 4244 1157 4299 41
1174 4232 1342 4298 Teuffelio.

196 4339 350 4426 Denique
384 4340 412 4404 si
448 4340 520 4425 quis
554 4337 732 4404 Publilium
767 4359 786 4401 a
814 4335 957 4401 librariis
992 4338 1027 4401 in
1059 4335 1212 4401 Publium
1246 4356 1344 4421 saepe

199 4443 415 4528 depravatum
444 4462 515 4505 esse
541 4450 578 4505 ut
605 4439 754 4527 pluribus
786 4437 946 4525 exemplis
980 4439 1188 4502 confirmetur
1215 4435 1342 4501 deside·
1387 4431 1389 4438 ’

196 4554 263 4625 141,
293 4544 372 4607 satis
394 4564 547 4628 magnum
571 4541 717 4628 proferre
747 4541 891 4605 locorum
920 4563 1090 4618 numerum
1118 4560 1171 4608 res
1195 4540 1256 4603 erit
1277 4560 1342 4603 non

1105 4656 1139 4703 1*
