3252 5180
618 463 892 512 rnonneonenl.
1308 449 1328 512 9

233 641 237 648 ·
269 619 305 686 Si
321 619 423 684 verba
438 618 538 682 Plinii
554 617 763 686 etMacrobii
779 626 865 683 recte
885 619 1117 706 interpretatus
1133 640 1215 701 sum,
1238 627 1329 705 patet

183 720 363 785 Publilium
391 721 563 807 scripsisse
590 719 683 784 illum
705 720 837 806 quidem
860 721 993 801 mimos,
1023 720 1081 822 qed
1102 718 1204 785 multo
1227 722 1326 788 maio-

183 845 252 886 rem
279 821 418 908 gloriam
440 844 477 888 co
501 831 710 908 consecutum
734 845 820 904 esse,
850 822 936 909 quod
960 844 1014 886 cos
1038 822 1170 907 egregie
1193 843 1328 886 scaenae

183 925 441 989 accommodavit
468 932 566 1011 atque
593 925 664 1011 ipse
691 925 812 1011 primas
830 934 948 1011 ¹partes
977 945 1074 1008 agere
1102 933 1326 988 consueverat.

185 1027 314 1112 Syriam
335 1027 369 1089 in
393 1048 456 1113 qua
478 1013 573 1090 natus
597 1035 676 1109 erat,
700 1035 827 1092 constat
848 1027 913 1090 iam
930 1023 1066 1090 Publilii
1089 1034 1194 1090 aetate
1217 1034 1249 1090 et
1271 1049 1326 1112 po-

184 1138 270 1194 stero
293 1149 421 1215 quoque
439 1137 587 1215 tempore
602 1126 788 1208 abundasse
804 1127 955 1193 omnibus
969 1125 1119 1200 luxuriae
1133 1127 1328 1191 instrumen-

184 1232 237 1311 tis,
254 1231 446 1316 praesertim
461 1229 686 1295 histrionibus.
722 1229 775 1294 Of.
791 1229 951 1314 Philolog.
968 1229 1020 1311 22,
1035 1229 1109 1293 443.
1141 1228 1330 1294 Accedebat

185 1332 254 1396 huc
270 1331 395 1415 ingenii
418 1330 576 1417 quaedam
599 1331 744 1396 sollertia
758 1353 796 1395 ac
811 1330 988 1413 festivitas,
1011 1331 1143 1418 propria
1158 1329 1214 1394 illa
1229 1329 1328 1417 Syro·

185 1457 256 1497 rum
289 1455 327 1498 ac
357 1434 530 1521 praecipue
564 1433 852 1516 Antiochensium3
889 1432 1071 1498 accedebat
1098 1431 1330 1519 extemporalis

186 1534 341 1617 facilitas,
365 1556 429 1621 qua
450 1535 622 1617 Archiam,
647 1537 757 1622 quiet
780 1536 850 1622 ipse
872 1533 1104 1600 Antiochensis
1126 1533 1206 1616 fuit,
1230 1532 1329 1598 incla-

185 1638 290 1702 ruisse
317 1636 511 1722 accepimus.
556 1635 607 1702 ef.
632 1637 700 1702 eie.
729 1660 788 1724 pro
810 1635 910 1700 Arch.
934 1639 954 1717 ξ
975 1637 1007 1700 4.
1032 1635 1081 1700 18.
1111 1633 1251 1715 Quintil.
1277 1636 1330 1717 10,

187 1741 217 1822 l,
236 1740 285 1817 19.Ι
331 1737 421 1818 Quid
436 1738 563 1819 mirum,
580 1738 770 1823 Publilium,
791 1738 941 1803 versibus
958 1737 1118 1822 fingendis
1134 1746 1330 1823 promptum,

186 1839 322 1926 agendis
345 1839 453 1903 mimis
476 1839 682 1924 excelluisse,
705 1842 740 1904 in
762 1839 881 1926 quibus
903 1839 1004 1908 multa
1020 1861 1062 1902 ex
1077 1848 1222 1926 tempere
1236 1838 1332 1902 fundi

187 1941 285 2008 solita
307 1961 378 2006 esse
400 1941 575 2006 admodum
597 1940 775 2006 verisimile
798 1950 857 2006 est.
902 1941 982 2005 Eius
1004 1941 1085 2006 artis
1109 1951 1141 2005 et
1163 1939 1328 2005 facultatis

187 2043 311 2107 clarum
338 2041 430 2106 dedit
457 2044 623 2130 specimen
653 2066 737 2108 anno
767 2064 797 2106 a.
821 2042 898 2108 Chr.
927 2041 1177 2129 quadragesimo
1205 2042 1329 2129 quinto,

188 2169 262 2210 cum
283 2145 419 2226 Caesar,
443 2145 583 2219 dictator
604 2146 639 2209 in
661 2154 857 2237 perpetuum¹
876 2153 1020 2228 creatus,
1044 2146 1221 2231 imperator
1242 2143 1332 2207 idem

189 2257 220 2312 et
243 2245 357 2312 consul
384 2248 420 2310 in
441 2245 555 2311 decem
576 2269 693 2327 annos,
723 2268 786 2332 quo
808 2247 1000 2311 memoriam
1022 2246 1212 2310 imminutae
1233 2244 1331 2308 liber-

187 2351 265 2414 tatis
280 2347 420 2429 tolleret,
442 2348 781 2433 magnificentissimos
797 2346 891 2412 ludos
906 2348 1088 2434 apparavit.
1133 2346 1217 2410 Tum
1232 2348 1334 2432 igitur

127 2493 130 2505 ·
188 2450 376 2530 Laberium,
400 2470 535 2536 asperae
556 2449 717 2534 libertatis
741 2450 882 2534 equitem
897 2450 1090 2531 Romanum,
1113 2470 1216 2534 paene
1238 2470 1332 2512 sexa-

188 2553 372 2639 genarium,
396 2552 583 2638 quingentis
607 2551 738 2626 milibus
761 2551 932 2633 invitavit,
962 2560 999 2614 ut
1020 2549 1166 2637 prodiret
1187 2551 1220 2613 in
1242 2571 1331 2614 scae-

189 2666 266 2719 nam
289 2663 320 2719 et
342 2655 412 2740 ipse
433 2663 546 2738 ageret
568 2654 695 2735 mimos,
718 2675 798 2739 quos
820 2652 1042 2739 scriptitabat3
1066 2673 1204 2716 necnon
1220 2651 1331 2716 Publi-

188 2757 270 2820 lium
291 2757 429 2822 Romam
455 2755 593 2837 accivit,
622 2765 659 2821 ut
686 2776 760 2818 cum
781 2753 922 2819 Laberio
950 2762 1114 2818 certamen
1136 2753 1252 2833 iniret,
1282 2753 1336 2817 cui

190 2859 361 2924 certamini
388 2879 424 2921 se
445 2856 592 2921 adfuisse
619 2858 691 2944 ipse
713 2856 826 2921 Cicero
855 2854 971 2920 scribit
992 2856 1026 2919 in
1049 2855 1177 2943 epistol.
1200 2853 1257 2919 lib.
1283 2855 1333 2938 12,
1373 2931 1375 2938 Ι

194 2961 243 3025 18.
275 2958 436 3024 Publilius
460 2980 533 3023 cum
556 2959 763 3045 omnes„qui‘
780 2967 857 3022 tunc
879 2958 1000 3043 scripta
1017 2966 1054 3021 'et
1076 2976 1190 3045 operas
1208 2978 1283 3020 suas
1299 2957 1333 3020 in

190 3082 342 3126 scaenam
364 3059 525 3142 locabant,
548 3068 766 3147 provocasset,
789 3068 826 3124 ut
848 3057 970 3144 singuli
992 3080 1102 3122 secum
1124 3058 1231 3145 posita
1249 3059 1333 3122 invi·

191 3185 262 3227 cem
283 3162 420 3230 materia
435 3185 493 3249 pro
515 3171 659 3250 tempore
675 3161 918 3242 contenderent,
941 3158 1029 3225 nullo
1049 3168 1219 3224 recusante
1241 3181 1334 3246 supe-

189 3264 278 3329 ravit
300 3285 423 3346 omnes,
446 3265 482 3327 in
503 3265 575 3351 quis
599 3272 631 3328 et
652 3261 845 3326 Laberium:
869 3262 956 3326 unde
972 3260 1094 3326 Caesar
1108 3261 1256 3325 arridens
1272 3260 1334 3325 hoc

191 3364 287 3430 modo
310 3366 536 3452 pronuntiavit

380 3507 509 3566 Parente
530 3507 583 3565 tibi
604 3523 649 3565 rae
670 3508 762 3565 aletes
783 3524 827 3574 es,
847 3505 973 3573 Laberi,
996 3525 1016 3564 a
1036 3504 1110 3579 Syro

192 3672 368 3757 statimque
390 3669 533 3735 Publilio
564 3668 704 3756 palmam
727 3678 759 3734 et
780 3668 921 3737 Laberio
950 3667 1083 3731 anulum
1109 3689 1241 3732 aureum
1264 3688 1338 3731 cum

193 3773 380 3860 quingentis
403 3771 563 3836 sestertiis
585 3770 687 3836 dedit.

278 3874 339 3942 Oui
367 3875 560 3957 narrationi,
590 3895 687 3960 quam
709 3873 751 3936 ad
774 3872 911 3937 verbum
933 3872 1002 3936 fere
1025 3893 1067 3935 ex
1089 3870 1257 3960 Macrobio
1281 3870 1335 3934 dc-

192 3976 398 4063 scripsimus,
421 3997 523 4062 pauca
545 3974 640 4040 nobis
664 3984 739 4040 sunt
762 3973 922 4039 addenda.
967 3974 1018 4037 Ac
1039 3973 1180 4060 primum
1202 3971 1335 4058 quidem

191 4077 406 4146 admiratione
434 4077 569 4162 dignum
597 4076 741 4164 prudens
764 4075 913 4141 Caesaris
940 4073 1128 4157 consilium,
1163 4075 1235 4160 qui,
1265 4095 1338 4137 cum

192 4179 284 4242 mimi
311 4177 400 4265 plebi
421 4179 591 4267 spectandi
618 4177 755 4265 cupidae
778 4185 887 4241 essent
908 4177 1067 4263 gratiores
1090 4177 1258 4262 magisque
1280 4195 1332 4237 ac·

194 4281 281 4368 cepti
312 4302 409 4366 quam
431 4281 508 4345 serii
530 4280 714 4366 argumenti
737 4279 882 4363 fabulae,
912 4278 1049 4343 tunicati
1072 4274 1183 4364 populi
1205 4275 1338 4340 auribus

193 4382 330 4446 nimium
353 4381 422 4446 fere
444 4381 591 4465 indulsit,
616 4380 789 4446 dummodo
811 4381 951 4465 gratiam
973 4379 1037 4443 sibi
1060 4386 1239 4464 quaereret.
1283 4377 1339 4440 Ex

196 4483 303 4550 Gellio
328 4484 399 4568 (17,
425 4483 478 4570 14)
508 4482 627 4547 deinde
653 4482 889 4564 adnotandum,
920 4481 1097 4546 Laberium
1119 4481 1167 4544 rei
1189 4479 1338 4567 publicae
