3252 5180
618 453 892 501 recensendus.
1291 441 1326 502 11

185 606 269 688 linet,
293 605 400 670 mimis
418 605 592 671 inserebat.
637 605 763 693 ltaque,
789 609 844 694 qui
859 601 991 673 domum
1005 607 1129 696 aliquid
1145 631 1186 673 ex
1202 610 1328 676 theatro

184 710 305 774 referre
327 707 442 791 vellet,
473 708 630 792 habebat,
660 709 746 795 quod
769 720 902 796 propter
924 710 1057 774 breuem
1078 711 1237 777 ambitum
1260 735 1327 778 cer-

184 821 298 898 tosque
318 808 502 874 iamborum
524 810 792 875 trochaeorumve
812 813 895 877 ictus
911 812 1045 876 auribus
1061 811 1157 877 facile
1173 814 1329 880 insideret

183 915 357 999 animoque
388 911 585 999 insculptum
618 923 774 979 maneret.
819 913 865 978 Iis
894 915 1064 978 sententiis
1093 916 1158 979 iam
1186 916 1354 1001 Augusti¹

183 1013 383 1103 temporibus
406 1023 514 1078 tantus
538 1014 572 1078 in
595 1015 759 1081 rhetorum
782 1015 901 1082 scholis
924 1016 1055 1080 habitus
1079 1027 1128 1081 est
1150 1017 1270 1100 honor,
1293 1028 1329 1083 ut

184 1115 355 1203 discipulis
379 1115 528 1202 exemplo
551 1119 859 1205 proponerentur*)‚
883 1128 1038 1204 tantaque
1060 1141 1170 1182 earum
1193 1119 1256 1186 fuit
1273 1120 1329 1184 ad·

183 1221 312 1285 miratio
335 1220 421 1282 inter
442 1217 720 1301 adulescentulos,
743 1229 779 1284 ut
802 1219 976 1284 verborum
998 1219 1125 1285 aculeos
1149 1230 1181 1285 et
1202 1245 1327 1288 muero-

182 1346 257 1405 nes,
281 1320 457 1402 antitheta,
481 1319 710 1385 translationes
734 1321 906 1408 variosque
929 1320 1052 1386 colores
1075 1321 1194 1387 imitati
1216 1324 1258 1386 ad
1280 1325 1328 1388 in-

183 1426 308 1490 saniam
341 1445 444 1509 usque
472 1421 711 1508 detorquerent.
756 1421 864 1486 Huius
892 1422 1081 1488 contentiosi
1109 1426 1239 1509 generis
1268 1435 1328 1508 est,

181 1525 338 1614 quiequid
361 1525 429 1589 fere
451 1545 604 1588 versuum
626 1523 887 1588 Publilianorum
909 1546 929 1587 a
956 1523 1119 1590 Seneeis
1149 1536 1264 1613 patre
1289 1538 1326 1591 et

182 1629 275 1695 filio
297 1627 439 1708 affertur,
463 1625 522 1690 sed
544 1628 743 1712 memoriter2
765 1626 852 1712 quod
867 1648 910 1707 ex
925 1627 999 1692 Sen.
1016 1636 1163 1692 controv.
1179 1650 1234 1715 pg.
1251 1630 1326 1711 206,

182 1733 204 1796 4
227 1753 274 1817 sq.
298 1729 393 1792 Burs.
416 1728 624 1815 perspicuum
648 1737 707 1792 est.
752 1727 879 1792 Pariter
903 1727 1058 1792 Senecam
1086 1728 1327 1816 philosophum,
1346 1741 1351 1748 '

183 1856 266 1920 quos
294 1830 441 1894 laudavit
468 1829 647 1894 versiculos
674 1851 739 1894 non
767 1851 808 1892 ex
837 1828 930 1895 libris
954 1829 1183 1917 descripsisse,
1213 1831 1271 1895 sed
1294 1832 1329 1895 in

181 1935 309 1999 theatro
331 1923 498 1996 audivisse
520 1932 623 2018 ipsius
647 1930 748 1995 verba
769 1940 881 2017 aperte
903 1931 1055 2019 produnt,
1079 1934 1174 2019 epist.
1201 1933 1272 2016 108,
1296 1935 1326 1998 8.

182 2038 219 2100 9:
251 2034 366 2100 Nonae
393 2036 491 2111 vides,
525 2035 784 2115 quemadmodum
817 2035 940 2098 theatro
973 2027 1152 2113 consonent,
1188 2038 1327 2116 quetleus

181 2140 294 2220 eliqua
321 2139 517 2215 dictasunt,
550 2157 630 2217 quoe
654 2136 778 2218 publice
806 2136 1005 2217 decemimus
1026 2141 1055 2200 et
1075 2157 1225 2201 consensu
1246 2159 1322 2202 cere

182 2262 246 2306 esse
269 2239 444 2306 testemur?

407 2355 522 2414 Desunt
543 2355 659 2427 inopine
679 2355 787 2422 multu,
810 2355 954 2413 auaritiae
975 2355 1083 2413 omnic.

181 2487 295 2568 suus
312 2487 364 2549 ra:
391 2485 470 2551 eom
485 2486 559 2550 eaeo
575 2489 666 2582 eope
680 2485 832 2548 uosmet·
847 2485 1059 2577 acelamare.
1084 2485 1190 2572 epist.
1204 2446 1255 2566 94}
1268 2487 1327 2550 43:

430 2625 477 2685 Ae
499 2628 557 2685 elie
579 2631 717 2700 expectem
740 2626 825 2686 elteri
846 2626 922 2698 quod
942 2626 1051 2696 feceris

182 2760 274 2824 Huee
304 2781 374 2824 eune
403 2757 635 2839 letu··queelam
662 2757 810 2820 eudimus
837 2761 889 2820 ete.
935 2753 1051 2834 Quid?
1086 2757 1171 2842 quod
1205 2757 1329 2823 Seneca

183 2861 296 2926 rhetor
317 2871 354 2926 ut
376 2858 512 2924 Publilii
535 2859 729 2924 sententiam
751 2857 835 2922 hanc
856 2855 983 2920 attulit:

409 3001 524 3060 Desunt
546 3002 680 3060 luceriae
701 3001 808 3078 multe,
831 3000 974 3058 auaritiae
995 2993 1118 3068 emate)

182 3133 241 3220 qui
263 3131 350 3196 idem
373 3152 487 3195 versus
510 3130 545 3193 in
566 3130 686 3195 nostris
709 3126 877 3194 codicibus
901 3128 948 3190 sie
969 3129 1110 3192 traditus
1133 3139 1200 3193 est:

290 3266 414 3338 loupiac
430 3282 529 3337 parva
552 3261 624 3340 (leg.
642 3261 755 3339 peuce)
779 3264 898 3335 desunt,
921 3267 1063 3325 avaritiae
1084 3266 1191 3322 omero.

184 3396 254 3477 Qui
276 3395 443 3459 dissensus
466 3392 553 3457 haud
568 3394 635 3459 seio
651 3394 753 3458 auita
769 3393 982 3483 explicandus
1000 3396 1053 3476 sit,
1076 3403 1112 3457 ut
1127 3402 1182 3458 aut
1198 3392 1324 3480 lapsum

183 3498 359 3562 memoriae
387 3496 521 3560 subesse
543 3504 599 3559 aut
621 3494 795 3560 histriones
819 3498 921 3561 verba
945 3519 1002 3561 suo
1025 3494 1160 3559 arbitrio
1184 3496 1329 3559 variasse

184 3609 376 3664 statuamus.
676 3583 680 3594 ’

267 3702 314 3766 Ut
335 3709 444 3764 autem
465 3699 500 3763 in
522 3697 663 3764 Senecae
688 3698 873 3787 philosophi
895 3698 989 3763 libris
1012 3698 1114 3762 multa
1137 3707 1252 3762 extant
1274 3720 1328 3785 pa-

183 3812 295 3866 ternae
324 3801 516 3888 disciplinae
544 3800 700 3884 vestigia,
730 3809 767 3863 ut
794 3799 846 3864 vel
875 3802 909 3864 in
937 3800 1034 3864 rebus
1064 3801 1197 3863 minutis
1226 3800 1328 3886 patris

184 3902 370 3989 exemplum
399 3901 673 3989 expresserit**)‚
706 3902 753 3964 ita
779 3903 915 3966 mirifice
946 3903 1140 3995 concinunt&
1166 3922 1248 3987 quae
1274 3899 1329 3964 ille

183 4026 239 4091 pg.
261 4005 340 4086 206,
366 4006 401 4067 11
432 4003 582 4068 Cassium
611 4002 768 4068 Severum
797 4002 838 4066 de
865 4001 1008 4068 Publilio
1036 4003 1200 4066 dicentem
1229 4001 1326 4066 facit:

184 4107 285 4172 multu
307 4107 394 4188 apud
414 4127 484 4171 earu
506 4106 617 4170 melius
639 4125 701 4170 esse
723 4099 820 4184 elicto,
846 4126 941 4186 qoem
963 4106 1051 4187 opud
1072 4125 1259 4186 quemquem
1281 4125 1327 4168 eo-

252 4240 280 4309 *)
300 4243 363 4296 Seu.
382 4244 452 4294 rhet.
471 4245 529 4305 101,
547 4245 579 4292 14
599 4244 677 4293 Burs.
695 4240 891 4294 Publilianum
910 4240 995 4304 dedit,
1013 4243 1119 4306 111,14
1136 4238 1329 4292 Publilianum

182 4326 347 4379 senteutiam
366 4325 444 4379 dedit
461 4325 563 4378 Festus
580 4325 695 4392 quidam
712 4329 813 4378 orator.

235 4411 279 4474 **)
299 4413 489 4464 Animadverti
507 4428 550 4462 ex.
569 4427 608 4476 gr.
626 4416 770 4476 utrumque
789 4412 958 4463 abstinuisse
971 4411 1105 4462 vocabulo
1119 4408 1178 4474 etsi,
1197 4417 1225 4462 et
1241 4411 1328 4462 vitan-

186 4497 239 4548 dae
259 4498 445 4564 amphiboliae
465 4511 551 4549 causa
568 4496 735 4561 praetulisse
755 4494 871 4550 etiami.
