3252 5180
577 492 852 542 rucrtaaouuua
1250 481 1292 542 49

200 722 204 727 .
231 645 324 726 Quid
351 647 468 710 mirum
492 668 528 710 co
556 646 708 712 licentiae
731 648 929 734 processisse
951 649 1216 732 grammaticum,
1244 656 1290 730 ut,
1328 706 1330 712 .
1359 653 1365 662 “

139 772 217 812 cum
241 769 355 822 versus
378 747 421 812 ad
443 747 626 814 litterarum
648 748 796 816 ordinem
819 758 927 814 essent
949 749 1115 838 dispositi,
1144 749 1199 813 vel
1220 750 1292 837 ipsa

139 853 251 937 prima
275 852 510 916 sententiarum
533 851 693 917 vocabula
715 861 942 939 transponeret
963 861 1020 916 aut
1041 852 1237 933 immutaret,
1255 861 1293 915 ut

103 973 110 984 ·
139 975 173 1016 v.
198 954 276 1018 233.
299 953 372 1018 322.
416 953 488 1017 Iam
516 975 593 1019 vero
622 977 701 1041 quas
725 955 902 1019 sententias
924 976 1051 1018 morum
1074 953 1293 1019 emendationi

45 1081 47 1086 ·
141 1055 278 1120 obstare
300 1055 466 1138 credebat,
489 1065 545 1120 aut
567 1058 676 1122 omisit
699 1066 755 1121 aut
777 1058 932 1140 correxit,
955 1067 991 1122 ut
1013 1057 1135 1122 frustra
1157 1078 1292 1144 quaeras

19 1223 21 1230 ,
141 1157 195 1222 his
220 1157 360 1223 similes:

255 1284 296 1342 20
317 1282 423 1357 Aperte
444 1286 524 1344 mebi
546 1304 612 1345 cum
634 1291 675 1345 cst
696 1288 809 1353 molier,
832 1290 894 1344 tam
916 1287 1031 1344 demum
1052 1289 1093 1342 cst
1115 1286 1199 1344 bona.

255 1387 295 1444 38
317 1385 457 1445 Antoniis
477 1389 686 1447 iusiurandum
702 1406 830 1462 poenam
851 1405 913 1446 noo
933 1387 1025 1446 babet.

256 1489 296 1546 98
321 1486 394 1547 Cum
414 1491 486 1548 odia
502 1495 638 1563 mosaci,
655 1495 756 1564 peccat
777 1493 828 1564 qai
849 1495 921 1549 recte
942 1489 1021 1560 fucit.

235 1590 296 1646 541
320 1590 377 1664 Qui
393 1596 460 1664 pote
482 1593 572 1652 colore
593 1594 705 1660 sitirem,
727 1594 831 1650 citium
851 1611 913 1650 aton
934 1591 1014 1662 fucit.

21 1737 24 1741 '
144 1721 198 1785 Ne
222 1721 317 1807 pueri
338 1721 421 1784 vitia
443 1723 606 1787 seniorum
628 1723 845 1802 imitarentur,
869 1743 1000 1785 versum
1022 1721 1085 1785 633

358 1863 417 1922 Ubi
432 1871 533 1937 peccat
554 1871 634 1924 octos
655 1867 758 1934 maior,
780 1865 855 1923 maie
877 1865 960 1923 discit
981 1865 1087 1933 minor,

145 1995 195 2059 ita
220 1992 369 2058 refinxit:

287 2121 369 2194 ¹Ubi
388 2142 518 2197 scardus
533 2144 643 2212 peccat,
665 2140 705 2197 oct
726 2156 810 2210 oriem
831 2137 939 2211 rcfuyit
959 2139 1124 2210 sapientia?

148 2268 204 2332 Of.
222 2268 320 2331 etiam
342 2289 375 2330 v.
390 2267 464 2331 448.
508 2268 660 2355 Denique
682 2267 845 2332 hominem
868 2265 1082 2330 christianum
1104 2267 1139 2330 in
1162 2288 1199 2331 eo
1219 2288 1296 2352 quo-

149 2392 215 2457 que
238 2391 408 2455 agnoscas,
432 2368 519 2454 quod
541 2369 661 2434 multus
685 2379 735 2434 est
756 2371 790 2434 in
805 2367 969 2432 laudanda
985 2368 1184 2432 conscientia
1198 2377 1297 2448 recta,

150 2481 185 2536 et
208 2473 243 2535 in
265 2469 370 2534 malae
393 2469 614 2536 sollicitudine
637 2471 679 2537 ob
701 2470 811 2537 oculos
834 2471 993 2558 ponenda.
1039 2469 1091 2534 cf.
1106 2490 1139 2533 v.
1159 2470 1208 2534 97.
1228 2469 1298 2534 196.

150 2573 227 2639 200.
251 2571 323 2643 665.
347 2573 417 2638 683.

240 2673 352 2754 Quare
379 2676 435 2761 qui
463 2697 574 2740 secum
601 2678 818 2764 reputaverit,
848 2685 1003 2763 quantum
1033 2676 1213 2738 sententiae
1235 2672 1298 2736 Pu·
1324 2683 1330 2690 ’

151 2776 240 2842 blilii
262 2778 297 2841 in
320 2777 431 2841 codice
447 2778 619 2842 Turicensi
641 2801 661 2842 a
682 2780 822 2866 pristina
837 2778 942 2843 forma
957 2777 1168 2858 desciverint,
1191 2775 1300 2840 facere

150 2901 218 2944 non
240 2881 371 2967 poterit,
387 2881 466 2966 quin
489 2902 542 2944 eas
558 2881 592 2944 in
609 2879 728 2945 scholis
752 2881 1002 2946 christianorum
1024 2879 1186 2944 lectitatas
1210 2877 1299 2941 ideo-

152 3003 217 3068 que
241 2981 468 3069 depravationi
490 2983 633 3047 maxime
655 2983 813 3049 obnoxias
836 2983 938 3048 fuisse
961 2991 1099 3047 statuat:
1123 2979 1210 3044 unde
1225 3001 1298 3044 con-

151 3083 302 3150 firmatur
315 3085 513 3173 Hieronymi
533 3086 757 3150 testimonium
772 3086 814 3148 de
828 3109 891 3173 quo
907 3108 1004 3173 supra
1019 3083 1163 3148 diximus
1177 3104 1232 3170 pg.
1250 3081 1300 3145 14.

152 3186 199 3251 Et
222 3185 302 3251 haec
325 3187 457 3274 quidem
480 3187 521 3251 de
544 3185 665 3252 codicis
688 3188 766 3251 Tur.
789 3187 1108 3275 interpolationibus

239 3289 274 3376 2)
298 3288 364 3354 Sed
387 3311 461 3354 cum
482 3288 742 3375 interpolationis
765 3290 860 3354 initia
881 3289 976 3354 claris
993 3287 1152 3376 exemplis
1168 3285 1300 3350 demon·

154 3400 257 3456 strata
287 3404 386 3478 supra
414 3381 578 3457 saeculum
605 3415 736 3478 nonum¹
753 3392 946 3474 ascendant,
980 3388 1199 3480 quaerendum
1228 3387 1300 3471 erit,

153 3516 233 3558 num
255 3495 353 3558 etiarn
374 3493 505 3560 codices
530 3495 672 3576 PRBF,
697 3518 833 3582 quorum
854 3495 897 3559 ad
919 3494 1018 3558 fidem
1040 3501 1151 3580 nostra
1172 3497 1300 3554 senten-

154 3597 275 3680 tiarum
296 3597 443 3662 recensio
466 3598 553 3663 facta
577 3608 637 3682 est,
661 3597 823 3663 similibus
840 3599 931 3663 vitiis
946 3595 1108 3683 inquinati
1123 3593 1198 3656 sint.
1232 3589 1300 3654 Eos

157 3699 348 3783 integritate
377 3701 557 3788 scripturae
585 3700 681 3785 longe
709 3699 831 3764 distare
852 3723 872 3763 a
894 3699 1065 3764 Turicensi
1085 3698 1150 3760 iam
1174 3694 1303 3780 saepius

155 3799 282 3864 dictum
315 3810 379 3883 est,
408 3804 479 3866 sive
509 3802 595 3888 quod
624 3801 823 3889 exemplaria
846 3824 887 3867 ex
910 3801 1027 3890 quibus
1051 3797 1207 3884 descripti
1229 3804 1305 3860 sunt

153 3923 218 3967 non
241 3903 289 3966 ita
302 3889 597 3971 innumerabilibus
613 3904 783 3971 scatebant
797 3905 1107 3993 interpretamentis,
1130 3901 1202 3964 sive
1216 3896 1302 3985 quod

154 4003 298 4069 librariis
322 4007 401 4070 satis
424 4006 487 4072 fuit
509 4008 713 4096 prudentiae,
737 4017 773 4072 ut
795 4006 1062 4100 interpolationes
1085 4003 1127 4067 ab
1143 4001 1224 4090 ipsis
1241 3999 1302 4062 Pu-

153 4105 240 4171 blilii
263 4107 374 4171 verbis
397 4108 630 4175 discernerent.
674 4109 897 4175 Nihilominus
921 4109 1064 4173 excitata
1086 4115 1136 4170 est
1159 4101 1302 4189 suspicio

153 4207 227 4274 fieri
249 4211 395 4296 potuisse
417 4220 454 4276 ut
476 4211 638 4277 similibus
662 4211 704 4276 de
727 4213 832 4277 causis
856 4209 975 4276 similia
997 4210 1080 4274 vitia
1101 4209 1302 4292 ingruerent.

239 4311 311 4376 Iam
333 4313 420 4400 quod
442 4313 484 4378 ad
501 4316 775 4402 comparationem
790 4313 1029 4379 adiectivorum
1044 4310 1198 4398 pertinet,
1214 4303 1304 4369 haud

153 4414 314 4480 dissimile
337 4425 397 4499 est,
422 4415 509 4504 quod
531 4417 566 4480 in
589 4416 674 4480 Fris.
698 4415 820 4501 legitur
841 4439 871 4482 v.
887 4416 967 4498 2273
989 4412 1107 4478 similis
1133 4409 1255 4474 codicis
1271 4406 1306 4470 Ε

154 4517 376 4606 discrepantia
404 4542 436 4582 v.
459 4519 536 4583 317:
570 4518 612 4582 cf.
641 4518 751 4583 adnot.
781 4539 908 4605 quoque
935 4515 977 4580 ad
1006 4538 1038 4579 v.
1065 4513 1135 4578 198.
1179 4509 1304 4575 Verum

204 4633 332 4672 Pmnmms
346 4632 430 4672 Sinus.
1084 4623 1100 4671 4
