3252 5180
336 398 385 467 32·
769 413 1042 494 occansonem.

335 575 433 639 tionis
462 580 622 660 emptores
650 569 990 657 aliquid⁴desiderare
1018 579 1161 656 possent.
1206 568 1349 634 Adiutus
1373 569 1480 634 estin

336 674 454 738 edendi
477 695 576 760 opera
597 672 726 736 schedis
748 670 950 754 Desbilloni,
980 672 1035 757 qui
1057 672 1181 758 passim
1203 693 1276 735 cum
1298 670 1409 735 Bothii
1431 672 1478 734 in-

335 777 444 840 ventis
465 775 585 839 mirum
607 775 642 837 in
663 772 795 838 modum
817 774 1023 858 conspirasse
1044 782 1192 860 repertus
1215 782 1274 837 est.

419 878 548 940 Novem
568 875 661 938 annis
683 884 757 961 post
772 872 908 938 Publilii
923 876 1099 938 sententias
1123 873 1283 939 ‘adhibito
1298 872 1381 938 libro
1398 875 1476 938 scri·

335 987 391 1064 pto
414 976 723 1065 Gryphiswaldensi
753 976 1015 1057 membranaceo,
1044 998 1221 1061 numquam
1243 985 1339 1040 antea
1360 974 1478 1041 collato

334 1081 499 1144 recensuit
514 1088 547 1143 et
558 1081 717 1143 varietate
732 1077 881 1142 lectionis
897 1078 1055 1141 instruxit
1065 1076 1126 1141 Dr.
1143 1076 1228 1142 Car.
1245 1077 1477 1141 Guernerus

334 1179 566 1264 Reinhold'‚
590 1179 783 1244 Anclamiae
806 1179 897 1262 1838,
920 1180 972 1242 cui
993 1178 1104 1243 libello
1127 1177 1266 1243 multum
1293 1199 1370 1242 sane
1392 1199 1478 1242 com·

335 1280 552 1346 mendationis
574 1280 713 1364 addidit,
737 1303 810 1344 cum
832 1280 955 1365 aliquot
977 1301 1078 1344 novas
1102 1279 1279 1344 sententias
1296 1277 1476 1343 exilloco-

336 1384 409 1447 dice
430 1385 608 1448 accessisse
629 1383 796 1470 professus
812 1392 908 1446 esset.
941 1381 1065 1446 Verum
1080 1381 1155 1448 illae
1171 1383 1351 1446 sententiae
1365 1403 1476 1445 omnes

335 1507 376 1549 ex
392 1483 534 1550 Senecae
557 1483 696 1569 dialogis
718 1494 775 1549 aut
797 1483 1062 1548 Pseudosenecae
1084 1482 1125 1546 de
1146 1482 1291 1547 moribus
1314 1482 1397 1546 libro
1420 1482 1475 1544 de-

334 1595 482 1672 sumptae
503 1596 590 1667 sunt,
612 1585 700 1651 unde
722 1585 868 1650 codicem
891 1583 1255 1672 Gryphiswaldensem,
1279 1583 1365 1671 quod
1388 1582 1476 1646 idem

334 1689 435 1752 multa
455 1689 575 1752 menda
597 1690 677 1752 satis
700 1686 828 1769 docent,
853 1708 895 1749 ex
911 1686 1117 1774 interpolatis
1134 1708 1204 1750 esse
1220 1693 1307 1749 certo
1324 1683 1475 1747 efficitur.

416 1788 549 1852 Accede
582 1791 645 1852 iam
673 1787 715 1851 ad
746 1786 897 1851 ultimum
924 1787 1060 1853 Publilii
1094 1787 1269 1870 editorem,
1300 1789 1406 1850 virum
1434 1785 1476 1848 de

333 1890 438 1974 poetis
471 1889 581 1955 latinis
613 1891 734 1976 optime
765 1889 931 1967 meritum,
967 1889 1151 1954 Ottonem
1184 1886 1474 1969 Ribbeekium,

334 2013 427 2076 quem
457 1993 492 2055 in
513 1992 719 2057 Comicorum
741 1989 916 2055 latinorum
938 1989 1084 2076 reliquiis
1106 2013 1162 2077 pg.
1184 1988 1351 2054 258-308
1373 1996 1475 2052 totam

333 2094 555 2178 quaestionem
581 2095 808 2180 profligavisse
837 2102 931 2158 erunt
960 2091 1099 2190 fqrtasse
1128 2093 1183 2178 qui
1205 2089 1338 2186 credere
1360 2088 1474 2154 velint.

333 2192 431 2273 Quod
453 2197 482 2260 si
504 2197 550 2260 ita
572 2205 669 2278 esset,
692 2197 766 2262 aliis
788 2198 897 2284 potius
921 2193 1038 2258 studiis
1062 2195 1097 2256 in
1118 2193 1206 2257 boris
1228 2192 1403 2256 subcisivis
1419 2213 1474 2255 va-

332 2317 472 2360 cassem:
502 2319 575 2362 cum
599 2307 723 2380 autem,
748 2297 827 2384 quid
850 2299 884 2360 in
907 2297 979 2360 eius
1001 2295 1145 2360 editione
1167 2296 1237 2358 iure
1259 2293 1474 2374 desideretur,

331 2398 397 2460 iam
419 2399 455 2461 in
475 2397 638 2484 Philologi
665 2398 732 2464 vol.
755 2399 807 2462 22.
830 2420 885 2485 pg.
908 2397 971 2462 436
994 2406 1026 2461 et
1047 2397 1110 2460 462
1137 2394 1351 2467 indicaverim
1374 2396 1475 2480 potis-

332 2500 511 2586 simamque
529 2503 653 2582 ,erroris
676 2522 807 2565 causam
829 2499 907 2565 inde
928 2499 1157 2594 repetiverim,
1182 2498 1268 2583 quod
1290 2495 1346 2560 ille
1368 2495 1474 2561 subsi-

332 2599 396 2666 diis
425 2602 547 2666 criticis
574 2624 690 2688 parum
716 2604 896 2667 instructus
919 2609 1003 2683 erat,
1031 2598 1232 2664 voluntatem
1254 2621 1312 2685 pro
1334 2619 1369 2661 re
1390 2598 1475 2660 acci-

330 2723 408 2789 pere
431 2703 603 2790 oportebit.
648 2703 716 2784 Qui
739 2705 825 2767 enim
847 2704 978 2790 poterit,
1001 2700 1036 2764 id
1052 2699 1139 2787 quod
1155 2700 1387 2784 gravissimum
1403 2721 1475 2763 esse

313 2805 494 2888 existimo,
518 2804 559 2868 de
581 2807 751 2870 sententiis
773 2805 891 2891 aliquis
914 2812 1038 2868 certum
1052 2802 1160 2866 facere
1175 2801 1343 2882 indicium,
1366 2800 1475 2864 sintne

330 2904 466 2971 Publilii
493 2929 536 2970 an
562 2928 643 2991 non,
680 2909 732 2971 cui
759 2929 800 2970 ne
828 2906 863 2970 id
891 2904 1022 2992 quidem
1051 2912 1193 2987 constet,
1223 2902 1301 2989 quid
1330 2903 1365 2964 in
1395 2925 1473 2988 quo-

330 3028 393 3093 que
421 3009 534 3072 codice
556 3011 714 3096 scriptum
742 3008 808 3073 sit?
842 3005 904 3072 Vel
927 3008 974 3071 sic
995 3015 1102 3070 tamen
1125 3004 1346 3070 Ribbeekium
1367 3003 1473 3068 tribus

330 3118 525 3195 quattuorve
552 3110 702 3175 versibus
731 3110 870 3175 salutem
895 3107 1043 3174 attulisse
1065 3105 1153 3170 haud
1176 3105 1384 3170 diffitendum
1407 3115 1472 3170 est:

329 3209 455 3297 reliqua
481 3210 671 3298 plerumque
699 3215 746 3276 sic
774 3211 982 3276 considerare
1009 3207 1108 3273 malui
1136 3209 1229 3294 quasi
1258 3209 1379 3294 scripta
1407 3228 1474 3270 non

330 3322 449 3396 essent,
472 3335 514 3376 ne
536 3314 570 3376 in
592 3313 770 3377 refellendo
793 3313 920 3397 longior
941 3311 1063 3374 fierem.
1108 3311 1145 3375 Si
1167 3310 1251 3374 enim
1274 3310 1337 3375 hoc
1354 3310 1472 3375 editori

329 3415 488 3479 committi
510 3413 603 3497 solet,
626 3425 663 3480 ut
685 3415 803 3501 quibus
826 3416 860 3478 in
883 3413 962 3478 locis
986 3435 1058 3476 eum
1081 3412 1137 3499 qui
1159 3412 1308 3499 proxime
1326 3420 1471 3475 anteces-

330 3518 373 3580 sit
393 3517 575 3582 correxisse
597 3518 660 3582 sibi
683 3516 832 3598 videtur,
855 3514 959 3579 fusius
982 3523 1141 3601 exponat,
1169 3512 1347 3577 Ribbeckii
1369 3512 1470 3577 editio

328 3640 404 3701 una,
427 3628 541 3706 utpote
563 3621 605 3684 ad
627 3641 773 3684 normam
795 3620 876 3682 artis
899 3618 1032 3681 criticae
1056 3624 1180 3697 exacta,
1204 3615 1238 3678 in
1261 3636 1392 3679 censum
1415 3635 1470 3678 ve-

328 3720 399 3782 nire
427 3730 554 3806 poterat
588 3743 670 3806 quae
696 3722 731 3784 in
759 3720 1032 3807 comparationem
1069 3725 1260 3803 perpetuam
1289 3724 1471 3780 vocaretur.

330 3819 395 3886 Sed
427 3820 560 3886 meliore
592 3832 751 3909 apparatu
783 3823 942 3887 instructo
971 3819 1178 3884 inhonestum
1205 3827 1370 3882 certamen
1397 3839 1471 3881 cum

328 3923 445 3987 inermi
478 3923 548 3988 fore
580 3925 804 4010 providebam.
849 3922 1001 3986 Ceterum
1035 3921 1123 4009 quod
1150 3919 1356 3986 Ribbeekius
1385 3920 1472 3982 dixit

327 4023 502 4088 admodum
526 4048 628 4112 pauca
651 4048 733 4111 esse,
758 4047 840 4112 quae
854 4025 1037 4089 accuratius
1054 4025 1201 4088 excussis
1217 4021 1387 4107 argutiolis
1403 4019 1470 4085 illis

328 4125 411 4191 disci
439 4136 587 4212 possent,
617 4127 651 4191 id
673 4150 739 4191 non
760 4126 878 4191 falsum
908 4125 1040 4212 quidem
1063 4135 1127 4208 est,
1156 4123 1214 4189 sed
1237 4146 1279 4188 ex
1301 4124 1471 4188 sententiis

327 4229 411 4292 male
439 4231 587 4294 excussis
616 4231 714 4293 etiam
741 4230 893 4316 pauciora
921 4226 1144 4292 redundatura
1171 4247 1242 4290 esse
1269 4225 1366 4289 facile
1383 4213 1471 4288 con-

328 4332 470 4395 cedatur.

412 4434 494 4499 Cum
516 4455 557 4496 ne
580 4429 740 4500 editiones
764 4433 894 4520 quidem
918 4454 1027 4498 omnes
1043 4430 1178 4496 Publilii
1202 4450 1389 4495 enumerare
1412 4450 1479 4496 vo-·
