3252 5180
614 431 885 480 ruounaonuss.
1048 403 1055 410 ’
1280 417 1320 480 41

175 607 254 650 nem
277 583 403 666 delabi,
432 587 525 672 quasi
548 583 672 650 Seneca
693 608 758 650 non
781 581 885 650 s'olum
906 608 1010 672 nuper
1031 586 1232 668 additarum,
1263 587 1322 650 scd

177 688 324 752 omnium
345 697 457 753 auctor
473 698 560 752 esset
574 689 819 752 sententiarum,
864 688 1002 753 Accedit
1022 688 1109 774 quod
1125 689 1256 771 Seneca,
1279 687 1321 752 ab
1401 721 1410 738 ν

177 789 384 875 Hieronymo
417 791 452 853 in
481 785 665 874 catalogum
694 790 886 854 Sanctorum
913 798 1062 876 receptus
1096 790 1137 855 ob
1166 789 1321 877 epistulas

176 890 269 974 illas,
299 913 378 977 quas
401 891 444 954 ad
465 891 603 956 Paulum
624 890 805 978 apostolum
827 891 959 956 dedisse
982 891 1190 975 credebatur,
1213 914 1321 957 mona-

178 991 250 1056 chis
271 991 374 1056 medii
395 993 470 1056 aevi
492 992 600 1058 multis
624 992 742 1058 litteris
765 995 813 1064 ita
835 992 1082 1058 commendatus
1106 1004 1189 1076 erat,
1218 1002 1254 1057 ut
1276 993 1322 1056 fa-

179 1092 255 1175 cile,
280 1093 441 1180 quidquid
462 1093 506 1157 ad
528 1093 766 1181 philosophiam
789 1093 943 1159 moralem
965 1095 1151 1180 spectabat,
1175 1096 1243 1161 eius
1266 1117 1320 1157 no·
1417 1089 1420 1098 ’

177 1197 262 1272 mini
282 1194 427 1260 adscribi
443 1198 590 1282 potuisse
604 1196 666 1261 tibi
681 1197 889 1283 persuadeas
935 1196 1096 1283 Exemplo
1112 1199 1155 1262 sit
1172 1197 1242 1282 ipse
1257 1194 1321 1276 ille,

179 1297 238 1382 qui
265 1297 386 1360 dicitur
412 1296 497 1360 liber
524 1297 565 1360 de
592 1297 747 1363 moribus.
792 1297 911 1363 Utrum
935 1298 1077 1364 Senecae
1105 1299 1322 1386 patrocinium

179 1395 344 1484 quoddam
377 1397 438 1462 hoc
465 1398 649 1482 addiderit,
684 1399 771 1486 quod
801 1421 833 1463 v.
859 1399 875 1462 1
900 1408 932 1462 et
953 1400 974 1463 2
996 1398 1131 1464 Publilii
1159 1399 1324 1464 aSeneca

180 1501 279 1586 epist.
302 1500 338 1581 8,
361 1500 381 1564 8
405 1509 436 1564 et
459 1501 516 1583 94,
540 1502 581 1565 43
604 1500 793 1584 laudantur,
824 1523 873 1566 an¹
888 1502 996 1586 potius
1024 1501 1074 1565 illi
1103 1523 1216 1565 versus
1239 1500 1324 1564 hanc

180 1602 223 1667 ob
248 1623 376 1666 causam
398 1600 440 1666 ab
462 1601 591 1666 homine
614 1603 753 1688 quodam
776 1604 871 1668 docto
886 1604 980 1667 initio
997 1604 1094 1689 positi
1110 1602 1244 1685 fuerint,
1261 1624 1324 1688 quc

182 1703 323 1768 Senecae
345 1703 533 1767 auctoritati
554 1703 653 1767 fidem
675 1704 867 1789 adderet*),
890 1703 926 1768 id
949 1706 1007 1768 vix
1028 1705 1133 1768 ausim
1156 1726 1213 1791 pro
1236 1713 1323 1768 certo

181 1793 372 1869 diiudicare.
415 1804 583 1868 Postremo
606 1803 736 1870 silentio
758 1829 822 1871 non
844 1805 1116 1893 praetereundum
1132 1815 1191 1889 est,
1214 1828 1324 1872 mona-

141 1927 144 1932 ’
180 1907 259 1970 chos
283 1914 313 1969 et
336 1913 467 1970 sanctae
490 1906 645 1970 ecclesiae
668 1917 788 1994 patres,
811 1930 883 1972 cum
898 1907 1034 1972 Publilii
1056 1909 1176 1994 pagani
1196 1917 1323 1972 senten-

180 2010 244 2072 tias
260 2007 389 2094 saepius
404 2008 440 2070 in
454 2031 548 2072 usum
567 2030 660 2071 suum
676 2018 984 2092 converterent-eas
999 2008 1139 2074 fortasse
1154 2032 1173 2072 a
1186 2008 1321 2089 Seneca,

180 2110 377 2173 christianae
403 2108 481 2172 fidei
508 2119 544 2174 ut
572 2110 730 2196 putabant
752 2110 902 2193 addicto,
936 2109 990 2173 vel
1012 2119 1099 2175 certe
1121 2109 1222 2175 Paulo
1244 2112 1322 2174 ami·

180 2207 323 2292 cissimo,
347 2209 509 2296 profectas
533 2233 603 2274 esse
626 2220 768 2276 statuere
789 2211 955 2276 maluisse.
1258 2199 1266 2208 ⁹

266 2313 316 2375 Ac
338 2312 419 2375 vicit
434 2313 514 2374 haec
529 2315 702 2400 sententia,
726 2314 875 2400 quamvis
891 2315 934 2378 sit
949 2311 1042 2376 falsa.
1087 2311 1200 2399 Neque
1216 2323 1324 2376 tamen

179 2413 366 2493 defuerunt,
383 2413 439 2498 qui
460 2414 603 2478 incertae
620 2417 823 2481 coniecturae
843 2413 1039 2479 diffiderent.
1079 2415 1248 2501 inprimis
1264 2416 1323 2478 mi·
1361 2460 1369 2472 s

179 2539 252 2579 rum
282 2514 413 2578 videtur
428 2514 586 2579 codicem
608 2516 823 2582 Basiliensem
851 2518 1062 2604 inscriptione
1085 2515 1180 2603 plane
1203 2538 1324 2597 carere,

180 2619 259 2681 item
283 2615 430 2680 codicem
451 2616 705 2702 Frisingensem,
729 2619 1028 2700 Vindobonensem,
1051 2620 1213 2705 epitomen
1234 2618 1324 2681 Pari-

179 2720 285 2782 sinam
309 2715 430 2781 saeculi
452 2717 632 2802 undecimi3
664 2718 856 2806 saeculoque
879 2719 979 2784 XIII.
1003 2720 1195 2784 Vincentius
1217 2717 1323 2784 Bello-

180 2820 330 2902 vacensis
354 2817 485 2902 easdem
507 2818 579 2882 illas
602 2822 790 2904 sententias,
815 2844 897 2908 quae
920 2823 955 2885 in
970 2821 1082 2886 codice
1097 2821 1323 2907 antiquissimo

179 2922 331 2986 Parisino
355 2919 498 2984 Senecae
519 2921 760 3006 inscribuntur,
785 2932 817 2988 et
839 2923 1040 2987 Publilianas
1065 2932 1096 2987 ct
1118 2922 1323 3002 subditicias,

179 3023 273 3086 affert
295 3018 459 3108 tamquam
482 3045 519 3088 aa
533 3026 710 3105 proverbiis
739 3025 1048 3109 Sapientiam&
1062 3025 1206 3110 petitas,
1236 3022 1323 3087 haud

180 3125 308 3206 inscite,
332 3123 359 3187 si
384 3123 515 3210 quidem
539 3147 593 3188 eas
616 3148 682 3190 non
703 3127 760 3190 uni
777 3127 902 3190 auctori
917 3126 1030 3190 deberi
1045 3135 1132 3190 recte
1148 3123 1323 3190 intellexit.

264 3225 413 3288 Tertium
437 3224 578 3312 denique
600 3250 703 3312 genus
726 3237 776 3292 est
798 3248 924 3309 eorum,
955 3229 1027 3314 qui,
1051 3250 1124 3291 cum
1146 3224 1324 3291 Publilium

180 3325 375 3393 testimoniis
399 3335 546 3392 veterum
569 3340 754 3413 auctorum,
780 3329 936 3395 Senecam
959 3330 1107 3394 codicum
1129 3329 1323 3393 auctoritate

182 3427 442 3493 commendatum
465 3429 625 3512 viderent,
650 3434 884 3496 sententiarum
907 3433 1066 3516 originem
1087 3430 1130 3494 ad
1152 3439 1324 3516 utrumque

179 3531 341 3596 referrent
363 3537 395 3591 et
418 3528 573 3622 Senecam
597 3555 725 3618 quoque
747 3532 985 3620 philosophum,
1010 3533 1050 3596 de
1066 3555 1129 3617 qua
1143 3554 1179 3594 re
1193 3529 1324 3594 aliunde

180 3656 246 3698 non
274 3636 417 3713 constat,
446 3631 562 3696 mimos
590 3633 643 3698 vel
672 3644 760 3698 certe
788 3637 965 3699 sententias
994 3633 1175 3718 singulares
1198 3654 1323 3720 compo-

249 3873 277 3936 *1
296 3872 388 3921 Etiam
407 3869 511 3924 codicis
523 3875 644 3924 Parisini
656 3875 723 3925 8049
742 3875 829 3939 prima
847 3876 995 3933 sententia,
1014 3871 1132 3938 Auferrt'
1144 3876 1235 3939 polest
1252 3871 1324 3939 qaod

181 3957 364 4024 11111111011111,
384 3948 416 4011 err
429 3959 536 4013 Seneca
556 3964 599 4009 est
616 3961 760 4024 desumpta
780 3960 859 4024 epist.
872 3961 897 4022 8,
911 3963 950 4021 10,
969 3960 1034 4010 item
1054 3960 1175 4010 secunda
1194 3975 1227 4010 ac
1240 3961 1324 4009 tertia

180 4067 214 4086 =
233 4062 258 4098 v.
279 4048 303 4097 1.
323 4050 467 4097 2-n0strae
486 4044 624 4097 editionis.

231 4128 277 4192 **)
296 4131 371 4185 Idem
395 4135 487 4182 tamen
511 4145 565 4179 uuo
588 4128 633 4179 vel
657 4129 745 4179 altero
768 4129 828 4180 loco
848 4145 864 4178 a
881 4128 992 4192 vulgari
1014 4129 1143 4194 opinione
1161 4144 1215 4178 uon
1233 4144 1323 4178 reces-

181 4215 250 4265 sisse
275 4216 399 4277 videtur,
424 4231 466 4268 ex.
485 4232 526 4280 gr.
548 4229 623 4278 spec.
645 4212 730 4264 doctr.
749 4215 776 4274 4,
798 4215 858 4272 115,
883 4214 931 4262 ubi
953 4214 1068 4278 legitur:
1095 4211 1143 4262 Em
1160 4225 1238 4276 prov.
1257 4209 1323 4276 Sap.

181 4296 337 4363 Difficilem
359 4301 464 4362 oportet
485 4296 581 4349 habere
603 4310 697 4347 aaran
715 4294 753 4348 ad
771 4295 897 4348 crim-inu.
933 4294 1012 4348 Idem
1030 4294 1068 4347 ad
1087 4293 1228 4347 Iatctltam
1247 4295 1323 4360 epist.

181 4386 204 4433 3.
224 4384 270 4433 etc.
308 4383 388 4447 Spec.
407 4382 515 4443 doct.3,
530 4385 576 4432 171
598 4382 680 4431 editio
699 4383 806 4432 Veneta
827 4383 891 4431 anni
909 4384 974 4432 1494
993 4381 1089 4432 habet:
1109 4377 1157 4431 Ea
1169 4379 1324 4446 proverbiis

180 4463 306 4530 Senecae,
324 4465 452 4518 Nimiam
470 4463 629 4521 altercando
647 4463 749 4517 ceritas
767 4464 916 4529 amittitur,
933 4486 966 4507 =
985 4482 1010 4518 v.
1028 4467 1086 4516 416.
