3252 5180
198 856 202 887 l

318 433 360 496 88
630 449 786 496 Pnnmun
808 449 886 497 suut
909 449 1140 498 sumuntur.

402 604 505 666 Amor
526 604 650 667 otiosae
671 624 769 665 eausa
791 601 1032 666 sollicitudinis.

337 710 378 768 35
401 702 546 768 Avidum
570 725 641 768 esse
662 713 789 791 oportet
810 705 985 788 neminem,
1008 705 1141 768 minime
1163 725 1284 768 senem.
1340 729 1342 736 ’

400 805 521 869 Animo
544 807 651 870 virum
674 805 822 893 pudicae,
845 828 910 869 non
932 804 1025 870 oculo
1048 803 1183 890 eligunt.

401 905 592 970 Amantium
613 908 662 970 ira
683 908 803 972 amoris
826 908 1001 992 integratio
1023 917 1083 971 est.

401 1009 553 1073 Amantia
575 1009 627 1072 ius
649 1009 823 1072 iurandum
845 1031 982 1096 poenam
1004 1031 1068 1073 non
1091 1009 1200 1074 habet.

400 1111 536 1192 Amans,
560 1111 644 1175 sieut
664 1111 734 1192 sax,
757 1112 912 1196 agitando
933 1111 1076 1176 ardescit
1097 1111 1214 1196 magis.

337 1218 379 1276 40
401 1213 514 1292 Amor,
537 1221 574 1276 ut
596 1210 740 1296 lacrima,
762 1213 805 1276 ab
827 1212 920 1277 oculo
943 1214 1056 1295 oritur,
1079 1215 1113 1276 in
1135 1223 1248 1299 pectus
1271 1212 1368 1275 cadit.

400 1313 522 1377 Animo
544 1313 720 1401 imperabit
743 1316 883 1402 sapiens,
907 1313 1025 1379 stultus
1049 1315 1179 1379 serviet.

400 1416 552 1479 Amicum
574 1437 616 1478 an
638 1438 755 1480 nomen
776 1415 909 1498 habeas,
932 1417 1037 1502 aperit
1060 1415 1237 1480 calamitas.

400 1518 514 1582 Amori
536 1518 633 1582 finem
656 1528 795 1606 tempus,
818 1542 884 1583 non
905 1521 1034 1583 animus
1057 1517 1146 1581 iacit.

401 1619 457 1683 Bis
480 1630 529 1684 est
550 1630 680 1705 gratum
703 1620 792 1706 quod
813 1643 894 1708 opus
917 1630 978 1703 est,
1000 1617 1086 1684 ultro
1109 1621 1138 1682 si
1160 1620 1284 1682 offeras.

336 1727 376 1785 45
400 1722 566 1785 Bonorum
588 1745 696 1786 rerum
719 1722 919 1787 consuetudo
941 1723 1082 1810 pessima
1105 1730 1165 1784 est.

400 1822 600 1887 Beneficium
621 1825 677 1910 qui
699 1825 778 1888 dare
799 1828 915 1906 nescit,
938 1825 1058 1888 iniuste
1080 1824 1173 1910 petit.

400 1924 526 1988 Bonum
549 1935 600 1989 est
622 1925 780 2011 fugienda
801 1929 947 2013 aspicere
969 1927 1004 1988 in
1025 1923 1132 1989 alieno
1153 1922 1249 1988 malo.

401 2025 602 2090 Beneficium
623 2030 772 2115 accipere
794 2028 978 2092 libertatem
1001 2037 1051 2091 est
1072 2025 1225 2090 vendere.

399 2126 491 2191 Bona
513 2129 636 2192 nemini
657 2129 736 2193 hora
759 2141 818 2212 est,
842 2141 965 2193 utnon
986 2128 1084 2192 alicui
1107 2130 1149 2192 sit
1170 2127 1265 2191 mala.

316 2404 450 2448 comeus
467 2409 490 2446 v.
509 2390 611 2447 1-34
627 2392 738 2448 PRBF
745 2394 769 2449 V
781 2391 863 2464 (EC),
880 2412 903 2448 v.
920 2393 1045 2451 35-43
1060 2393 1127 2464 Ν,
1143 2411 1167 2447 v.
1183 2391 1308 2449 44—78
1320 2390 1431 2447 PRBF
1437 2391 1462 2446 V

398 2590 439 2648 34
463 2595 552 2650 otioso
569 2595 699 2667 Zminqer
784 2604 921 2652 causaest
937 2597 1046 2654 solliciti
1067 2594 1170 2651 timoris
1186 2590 1217 2660 0,
1233 2597 1276 2644 est
1290 2604 1382 2659 supro
1398 2605 1458 2646 scr.

317 2691 374 2732 see.
390 2695 425 2732 m.
443 2675 481 2740 Β,
504 2695 526 2732 e.
543 2694 566 2733 c.
582 2685 624 2733 cst
640 2695 666 2733 o.
682 2679 835 2736 solitudinis
859 2681 940 2737 Viae.
955 2682 1031 2738 Bell.
1046 2697 1091 2752 sp.
1106 2682 1133 2736 d.
1149 2675 1180 2747 4,
1198 2675 1257 2732 109
1334 2673 1373 2730 35
1398 2677 1459 2733 Avi·

314 2755 393 2836 dum]
409 2764 428 2816 i.
444 2777 469 2816 e.
485 2781 622 2834 ovorum,
645 2763 684 2835 es.
703 2762 758 2820 Cic.
776 2765 837 2821 Cat.
858 2770 924 2822 mai.
942 2766 997 2837 18,
1014 2765 1069 2833 66,
1091 2762 1310 2820 Pseudoseneea
1330 2761 1366 2815 de
1385 2778 1456 2818 inor.

317 2845 356 2901 18
442 2849 574 2903 neminem
596 2848 704 2903 minime
724 2849 846 2906 Gruter:
874 2867 908 2906 nc
930 2852 1037 2906 minimo
1060 2851 1228 2916 Palatinae,
1250 2846 1384 2901 neminem
1406 2849 1459 2903 uisi

313 2930 373 2986 tit
456 2930 496 2988 36
520 2932 564 3004 Cf.
584 2930 688 2988 Caecil.
706 2934 791 2990 Balb.
809 2935 924 2992 Monac.
944 2937 993 3005 17,
1010 2936 1040 3006 3,
1059 2952 1106 3008 pq.
1123 2932 1163 2988 26
1179 2931 1222 2986 1Α.
1239 2949 1263 2986 v.
1279 2929 1384 3004 pudica,
1401 2949 1457 2987 non

315 3014 402 3070 oculis
419 3015 510 3088 eligit:
527 3017 659 3090 impudica
675 3020 791 3091 speciem
808 3021 914 3092 quaerit
929 3037 984 3075 nou
999 3020 1077 3074 rem?
1093 3014 1304 3091 Euripides(?):
1348 3006 1384 3069 oti
1400 3006 1458 3091 γὰρ

313 3088 470 3172 ὀφθαλμὸς
485 3088 517 3154 ed
532 3091 636 3170 κρῑνόν
651 3095 718 3171 ἐστι,
735 3090 808 3157 llll
824 3103 903 3171 νοῦς.
985 3104 1024 3160 31
1051 3104 1176 3160 Totidem
1192 3103 1287 3158 verbis
1304 3103 1457 3158 Terentius

313 3185 402 3240 Andr.
425 3184 577 3256 3,3,23.
609 3186 652 3258 Cs.
677 3206 692 3244 v
720 3188 779 3244 107
866 3189 905 3245 39
928 3191 999 3244 sicut
1020 3189 1090 3246 FV:
1111 3189 1147 3242 ita
1169 3194 1199 3240 ut
1220 3187 1373 3244 Palatinus

274 3267 651 3342 'ard.magisPolatinus:
675 3274 823 3328 maFl'
906 3273 948 3330 40
969 3269 1031 3328 *ab
1047 3272 1127 3329 oculo
1144 3273 1180 3327 el.
1197 3289 1221 3328 u.
1239 3271 1294 3330 36:
1317 3271 1349 3327 ab
1365 3272 1454 3327 oculis
1530 3266 1539 3282 ¹

313 3351 382 3422 Ν,
406 3353 491 3409 oeulis
513 3354 621 3412 Gruter
705 3356 745 3411 41
771 3355 815 3429 Cf.
839 3359 958 3414 Sallust.
982 3357 1044 3414 Cat.
1069 3355 1143 3428 1,2
1229 3358 1374 3414 AmoriV

313 3435 354 3491 42
377 3432 489 3514 nomen]
506 3443 549 3495 sic
564 3440 599 3511 F,
615 3458 672 3497 non
688 3441 809 3514 hostem,
832 3450 863 3499 ut
878 3445 1012 3513 traditur,
1033 3447 1099 3499 item
1122 3443 1146 3497 V
1228 3441 1269 3497 44
1292 3451 1398 3518 gratum
1415 3451 1458 3499 est

314 3521 337 3577 C
359 3522 437 3579 Vine-
455 3522 527 3580 Bell.
543 3542 588 3596 sp.
604 3527 630 3581 d.
647 3525 677 3595 4,
693 3525 744 3597 46,
762 3526 911 3584 Bentletus
926 3544 966 3584 ex
981 3531 1061 3585 codd.
1078 3530 1146 3596 suis,
1163 3533 1191 3582 et
1206 3538 1312 3601 gratnm
1328 3529 1371 3584 Pl

313 3623 368 3678 quo
388 3606 452 3663 dato
474 3625 543 3682 opus
565 3617 607 3665 est
625 3611 786 3674 Bentleiua‚
809 3629 864 3684 quo
885 3611 948 3667 dato
971 3630 1041 3686 opus
1062 3619 1104 3668 cst
1123 3612 1254 3669 Rtooect
1340 3614 1412 3669 ultro
1434 3616 1458 3668 si

314 3691 473 3748 Erasmus.-
495 3695 517 3749 si
538 3694 610 3751 ultro
626 3695 684 3764 Le,
702 3696 750 3751 sed
766 3697 838 3752 ultro
862 3699 941 3754 Vino.
1028 3697 1124 3753 offeras
1138 3697 1245 3753 PRBO
1267 3699 1345 3756 Vino.
1361 3700 1397 3753 sit
1412 3699 1457 3754 da-

314 3777 446 3832 tumFV
528 3776 568 3834 45
592 3777 637 3851 Cf.
654 3798 677 3836 υ.
697 3780 756 3837 165
842 3782 1111 3839 cousuetudoPRB
1133 3781 1211 3838 Vino.
1228 3783 1301 3839 Bell.
1318 3786 1406 3856 aad.
1424 3782 1454 3854 5,

313 3858 369 3930 43,
390 3861 547 3918 Erasmus.-
569 3864 650 3919 nimia
670 3881 745 3920 cous.
769 3866 797 3919 F
805 3866 827 3922 V
848 3869 928 3926 Viae.
945 3869 1020 3924 Bell.
1041 3885 1084 3939 sp.
1105 3868 1133 3923 d.
1148 3867 1186 3940 ·4‚
1204 3868 1259 3940 16,
1280 3885 1354 3924 cons.
1377 3869 1457 3923 nimia

313 3945 375 4000 loo.
392 3944 543 4002 Soresber.
559 3948 669 4007 Polior.
684 3947 714 4020 4,
731 3949 749 4005 9
837 3960 879 4007 est
900 3954 1016 4026 pessime
1030 3953 1193 4022 Bentleias,
1210 3971 1232 4008 r.
1247 3953 1273 4013 b.
1291 3971 1313 4009 c.
1329 3961 1371 4008 est
1386 3955 1457 4026 opti·

313 4046 354 4084 me
378 4030 531 4088 t'aorictus
551 4048 591 4089 ece
610 4050 679 4090 mse.
767 4034 807 4092 46
830 4035 992 4094 Beneficium
1013 4037 1090 4093 LEO
1115 4038 1194 4094 Vino.
1216 4039 1291 4095 Bell.
1311 4055 1354 4110 sp.
1376 4040 1403 4094 d.
1424 4037 1456 4110 4,

312 4113 369 4171 46:
396 4113 526 4172 beneficia
550 4118 687 4175 Pithoeus
779 4123 825 4194 qui
847 4121 911 4177 dare
937 4121 1012 4178 itte
1040 4123 1119 4178 Vino.
1145 4122 1209 4178 dare
1235 4125 1280 4197 qui
1305 4125 1455 4195 Erasmus,

313 4202 395 4274 vulqo
480 4200 521 4257 47
544 4206 573 4258 in
588 4203 617 4256 F
625 4205 648 4260 V
660 4205 743 4276 infre
759 4206 864 4279 legitur
875 4215 941 4278 post
957 4226 982 4264 v.
1000 4207 1050 4278 79,
1073 4209 1128 4264 ltoe
1141 4211 1205 4265 loco
1220 4213 1250 4264 in
1265 4209 1348 4266 PRB
1363 4210 1454 4265 Bern.

313 4285 336 4341 (J
399 4303 454 4360 asp.
469 4285 529 4360 ing.
547 4288 590 4360 B,
606 4289 633 4343 iu
649 4289 681 4344 al.
699 4306 732 4344 m.
748 4288 769 4344 i.
784 4307 841 4364 asp.
867 4293 945 4348 Vino.
961 4291 1037 4349 Bell.
1055 4310 1099 4365 sp.
1117 4297 1143 4351 d.
1159 4293 1190 4366 4,
1206 4293 1286 4350 ais
1343 4293 1382 4351 48
1407 4294 1458 4350 EC

322 4371 400 4427 Viae.
417 4371 492 4428 Bell.
516 4389 561 4444 sp.
583 4376 610 4430 d.
625 4373 661 4444 4,
678 4373 717 4430 53
725 4399 735 4438 ,·
756 4393 808 4432 om.
833 4377 857 4432 V
939 4385 980 4432 est
1002 4376 1046 4434 lib.
1068 4379 1146 4435 vend.
1170 4381 1250 4436 Viae.
1270 4378 1315 4435 lib.
1332 4398 1356 4436 v.
1373 4388 1415 4435 est
1430 4380 1458 4434 Ε

312 4455 463 4526 Erasmus,
480 4457 588 4513 vindere
604 4459 676 4515 Poll
762 4459 802 4515 49
826 4463 919 4516 oraV
1002 4462 1087 4520 attic
1169 4465 1204 4520 sit
1220 4483 1271 4522 om.
1289 4465 1349 4521 Ν
