3228 5184
357 381 419 446 130
748 395 966 445 suursurrns
989 397 1100 448 senso

354 601 360 616 .
440 549 554 614 Omnis
582 550 638 635 qui
665 550 789 616 amicus
819 559 868 616 est
895 561 1000 634 amat,
1029 551 1088 616 sed
1115 574 1181 617 non
1206 554 1311 620 omnis
1334 555 1388 640 qui
1408 563 1488 618 amat

961 655 1085 718 amicus
1110 664 1169 719 est.

439 752 594 818 Omnium
617 762 666 819 est
688 755 868 820 communis
890 754 1025 838 amicus,
1049 756 1105 841 qui
1126 755 1229 822 hostis
1252 767 1302 822 est
1324 781 1458 824 suorum.

355 860 417 919 275
439 854 574 938 Oriente
598 853 665 921 sole
687 853 870 939 consilium,
893 854 1062 922 occidente
1085 858 1282 926 convivium.

439 957 558 1020 Pacem
580 978 654 1021 cum
676 957 861 1022 hominibus
884 953 1032 1041 habebis,
1055 957 1177 1025 bellum
1199 983 1272 1026 cum
1295 961 1415 1025 vitiis..

439 1058 641 1122 Parcendum
675 1069 724 1124 est
757 1058 980 1147 improbandis
1008 1061 1154 1146 civibus,
1187 1085 1251 1128 non
1279 1062 1376 1128 aliter
1402 1085 1492 1149 quam

961 1161 1116 1228 membris
1139 1163 1382 1250 languentibus.

438 1262 558 1327 Parere
580 1263 664 1326 scire
686 1284 746 1350 par
768 1263 904 1349 imperio
927 1260 1032 1348 gloria
1055 1274 1112 1330 est.

437 1364 544 1428 Parvo
566 1363 669 1428 fames
692 1372 829 1448 constat,
852 1387 971 1450 magno
993 1365 1174 1432 fastidium.

354 1472 415 1530 280
437 1465 511 1530 Pati
534 1487 666 1531 necesse
690 1475 738 1530 est
760 1464 863 1530 multa
885 1465 1056 1531 mortalem
1078 1469 1171 1536 mala.

437 1566 548 1631 Patria
571 1576 630 1651 est,
653 1567 849 1654 ubicumque
871 1568 954 1634 bene
976 1569 1112 1633 vixeris.

437 1667 600 1734 Peccandi
622 1669 853 1735 verecundiam
875 1669 956 1734 facit
977 1671 1049 1759 ipsa
1072 1670 1242 1739 clementia
1263 1673 1418 1759 regentis.

437 1770 579 1834 Peccare
600 1769 687 1835 nolle
708 1770 890 1858 triumphus
912 1772 1117 1837 innocentiae
1140 1784 1199 1840 est.

437 1872 558 1938 Peccat
580 1872 742 1957 voluntas,
767 1875 829 1938 etsi
850 1872 975 1938 nullum
998 1875 1120 1940 crimen
1143 1887 1202 1942 est.

356 1980 417 2038 285
440 1973 604 2039 Pecuniae
626 1976 796 2063 imperare,
819 1997 885 2040 non
906 1977 1030 2040 servire
1053 1979 1215 2045 convenit.

436 2076 581 2141 Pecunia
603 2099 670 2143 non
692 2076 789 2142 satiat
810 2098 957 2162 avarum,
981 2077 1039 2144 sed
1061 2081 1179 2146 irritat.

436 2178 609 2243 Perdenda
632 2188 707 2244 sunt
729 2177 842 2264 multa,
866 2188 902 2245 ut
925 2179 1025 2244 semel
1047 2203 1149 2268 ponas
1171 2181 1265 2248 bene.

436 2281 526 2345 Perit
548 2280 712 2369 voluptas,
736 2281 842 2346 virtus
865 2282 1057 2348 immortalis
1081 2292 1141 2350 est.

435 2382 597 2448 Pestifera
619 2383 672 2449 vis
693 2382 804 2448 valere
826 2382 869 2448 ad
891 2384 1085 2450 nocendum.

352 2491 414 2549 290
436 2484 554 2572 Pipere
577 2486 633 2571 qui
655 2484 810 2569 abundat,
834 2484 976 2550 oleribus
998 2489 1114 2553 miscet
1135 2489 1238 2576 piper.

435 2585 613 2692 Plerosque
640 2586 848 2653 hominum
839 2611 874 2652 1n
897 2587 1047 2654 domibus
1074 2589 1296 2672 saevissimos,
1326 2591 1361 2654 in
1382 2589 1488 2654 alienis

959 2690 1157 2756 humillimos
1179 2713 1302 2756 servos.
1404 2739 1409 2748 .

436 2788 634 2877 Plerumque
657 2790 797 2855 similem
820 2791 912 2855 ducit
933 2790 975 2854 ad
998 2791 1138 2857 similem
1160 2792 1250 2869 deus.

436 2889 574 2957 Plurimi
596 2901 675 2978 quot
697 2914 821 2976 servos,
844 2891 981 2959 totidem
1002 2892 1112 2959 hostes
1134 2893 1266 2960 habent.

410 3059 412 3062 .
437 2990 618 3059 Plurimum
641 2994 698 3080 qui
719 2994 776 3077 sis,
799 3017 865 3061 non
888 2995 944 3081 qui
965 2993 1127 3077 habearis,
1150 2996 1296 3062 interest.

353 3102 413 3160 295
437 3094 544 3161 Pluris
568 3096 715 3162 docentis
738 3097 809 3161 vita
831 3119 928 3183 quam
950 3098 1122 3165 sententia.

438 3323 499 3382 273
522 3325 555 3394 Q.
574 3326 637 3382 Sen.
655 3326 735 3400 epist.
752 3324 803 3398 35,
821 3325 837 3381 1
945 3325 1006 3384 274
1030 3327 1060 3395 Q.
1078 3324 1152 3382 (laec.
1168 3323 1239 3382 Rslb.
1254 3325 1313 3381 Par.
1330 3325 1365 3398 2,
1381 3342 1427 3401 pg.
1444 3326 1490 3398 37,

350 3409 404 3468 cie.
425 3409 500 3466 Verr.
518 3411 547 3483 1,
564 3410 615 3483 15,
631 3410 670 3468 38
738 3410 798 3468 275
823 3408 1108 3480 0111199115.
1125 3409 1176 3481 40,
1192 3428 1239 3485 pg.
1250 3409 1290 3465 41
1357 3409 1418 3468 276
1439 3412 1488 3468 Pn.

350 3494 470 3551 liemon.
488 3493 529 3552 34
544 3494 608 3552 coll.
624 3493 687 3552 Sen.
707 3496 787 3570 epist.
804 3495 855 3568 87,
872 3495 889 3552 9
999 3495 1058 3553 277
1083 3496 1132 3568 Ge.
1150 3494 1211 3550 Scn.
1228 3494 1354 3552 declam.
1375 3496 1408 3567 1,
1424 3494 1488 3567 5,1

414 3578 474 3638 278
498 3581 547 3638 Ps.
566 3579 642 3637 0111.
658 3579 731 3636 8115.
748 3579 819 3636 Mon.
837 3580 886 3652 18,
901 3597 948 3655 pg.
967 3579 1006 3638 26
1080 3579 1141 3637 279
1165 3581 1218 3636 Bo.
1235 3577 1294 3636 Sen.
1311 3581 1390 3655 epist.
1409 3580 1458 3652 17,
1473 3579 1491 3634 4

442 3664 504 3723 280
527 3666 575 3722 Ps.
668 3665 727 3723 281
754 3666 804 3722 Ge.
819 3665 856 3721 De
872 3663 996 3723 11111143
1094 3664 1154 3723 282
1179 3665 1227 3721 Ge.
1244 3665 1305 3722 Sen.
1322 3664 1447 3722 dealem.
1465 3665 1491 3736 1,

353 3747 439 3819 22,3
507 3749 567 3807 283
592 3747 1104 3824 0120111895.1111161321
1172 3749 1233 3806 284
1257 3750 1290 3806 F.
1358 3748 1418 3807 285
1441 3751 1490 3819 Pn,

350 3834 385 3888 F.
403 3833 441 3890 01.
460 3851 542 3908 supra
557 3852 604 3909 pg.
621 3835 672 3907 96,
688 3833 728 3891 46
816 3833 876 3892 286
899 3834 970 3890 Ret
984 3836 1036 3890 iem
1051 3835 1105 3891 Ps:
1127 3834 1254 3892 Avarum
1269 3838 1285 3890 ἱ.
1303 3851 1361 3890 non
1376 3850 1398 3890 s.
1413 3852 1443 3907 p.
1459 3835 1492 3889 01
1575 3837 1576 3926 1

350 3935 420 3974 mor.
445 3918 504 3976 101
598 3918 658 3977 287
681 3920 731 3976 Ps.
752 3916 814 3975 Sen.
836 3919 869 3974 dc
888 3918 979 3976 511111.
1003 3918 1037 3990 1,
1054 3917 1088 3990 2,
1106 3920 1140 3990 1,
1162 3918 1208 3974 ubi
1229 3918 1365 3994 praecedit
1387 3935 1491 3974 versus:
1575 3937 1576 3952 ¹

355 4001 499 4059 ‘Beneficia
520 4005 547 4059 in
567 4004 666 4079 vulgus
687 4021 748 4062 cum
769 4003 862 4078 largiri
882 4003 1046 4060 institueris'
1054 4020 1162 4078 ,quem
1179 4011 1206 4060 et
1226 4006 1313 4079 ipsum
1329 4005 1433 4079 recepit
1446 4005 1493 4060 Ro·

353 4089 429 4144 thius
520 4088 581 4146 288
605 4089 638 4146 F.
732 4088 792 4146 289
817 4088 867 4145 Ge.
885 4087 946 4145 Seu.
962 4088 1086 4144 declam
1105 4089 1134 4161 1,
1151 4088 1214 4159 3,3
1308 4088 1369 4146 290
1392 4088 1494 4145 11181

350 4172 496 4247 proverbio
513 4191 612 4248 311111
628 4192 671 4250 ap.
689 4173 789 4230 Fresm.
805 4173 889 4248 Adeg.
906 4173 936 4245 3,
952 4173 982 4245 3,
998 4173 1037 4230 37
1126 4130 1185 4230 291
1209 4171 1421 4242 1011111111
1437 4173 1493 4229 Par.

355 4259 383 4328 7,
400 4277 446 4352 13.
466 4259 504 4316 38
575 4257 636 4316 292
659 4260 713 4317 Bo.
732 4259 810 4315 Hom.
828 4257 876 4314 Od.
895 4259 944 4331 17,
960 4258 1021 4315 217
1037 4275 1076 4324 ως
1090 4244 1213 4314 elstrae
1229 4273 1332 4331 ομοιυν
1347 4275 1413 4332 eyes
1428 4245 1495 4326 θεος

352 4329 393 4410 ὡς
413 4330 466 4398 τὸν
488 4336 594 4418 ὁμοῖον
681 4344 741 4402 293
766 4344 798 4413 Q
815 4341 1494 4418 8111.111111.47,5.91111111011111111

435 4427 496 4487 294
519 4430 554 4486 F.
569 4428 608 4485 01.
625 4446 768 4504 suprapg.
788 4429 859 4501 100,
876 4428 915 4486 63
991 4426 1052 4486 295
1075 4427 1110 4486 F.
