3228 5184
302 481 343 544 86
619 492 773 540 runnrnu
797 491 875 540 sim
898 491 1126 539 snurnurmn.

385 649 543 713 Miserum
565 656 614 710 θεῖ
635 655 742 708 tacere
764 647 846 729 cogi,
871 644 958 731 quod
981 643 1092 729 cupias
1114 642 1213 729 loqui.

303 758 363 815 315
386 749 570 814 Miserrima
593 757 641 810 est
663 747 802 828 fortuna,
828 767 909 832 quae
931 747 1063 809 inimico
1085 755 1183 809 caret.

385 850 492 914 Malus
516 858 564 912 est
586 833 763 930 vocandus,
787 849 842 933 qui
865 869 923 910 suu
946 857 995 910 θεῖ
1017 867 1115 910 causa
1138 846 1250 911 bonus.

385 951 490 1015 Malus
513 951 634 1015 bonum
656 949 714 1012 ubi
737 971 772 1012 se
795 947 935 1029 simulat,
958 956 1037 1011 tunc
1059 957 1107 1011 θεῖ
1130 954 1298 1033 pessimus.

386 1054 493 1117 Metus
518 1074 591 1114 cum
613 1051 715 1132 venit,
739 1073 849 1113 rarum
871 1049 971 1113 habet
993 1071 1123 1113 somnus
1146 1048 1262 1113 locum.

386 1156 472 1220 Mori
493 1175 625 1216 necesse
649 1162 710 1234 cst,
733 1151 878 1216 sednon
901 1151 1050 1237 quotiens
1074 1150 1227 1216 volueris.
1311 1171 1314 1176 ‘

302 1260 367 1323 Ι320
388 1255 475 1320 Male
497 1255 632 1340 geritur,
657 1253 816 1340 quidquid
837 1255 963 1337 geritur
984 1254 1135 1318 fortunae
1156 1253 1230 1317 fide.

329 1381 330 1386 ¹
386 1359 514 1422 Mortuo
538 1359 594 1443 qui
617 1356 718 1420 mittit
738 1377 867 1434 munuS,
891 1354 937 1417 nil
960 1353 1016 1418 dat
1038 1353 1099 1437 illi,
1123 1354 1187 1418 sibi
1210 1356 1335 1419 ildimit.

385 1460 496 1524 Minus
520 1469 569 1523 θεῖ
592 1480 689 1544 quam
712 1479 825 1520 servus
849 1455 1010 1537 dominus,
1034 1456 1089 1543 qui
1112 1478 1223 1532 servos
1246 1458 1339 1521 timet

385 1561 482 1646 Mage
504 1559 589 1623 fidus
612 1560 705 1622 heres
728 1557 881 1621 nuscitur¹
896 1580 993 1644 quum
1015 1557 1180 1621 scribitur.

386 1662 474 1728 Malo
496 1663 530 1724 in
553 1659 689 1725 consilio
711 1661 853 1724 feminac
875 1662 1010 1723 vincunt
1032 1659 1133 1724 viros.

302 1773 363 1832 325
386 1763 474 1828 Mala
497 1773 546 1827 est
569 1762 718 1850 voluptas
742 1761 784 1824 ad
807 1759 949 1824 alienum
971 1783 1190 1825 consuescere.

386 1867 532 1930 Miximo
555 1864 676 1950 periclo
700 1861 894 1944 custoditur,
918 1863 1005 1948 quod
1028 1861 1140 1927 multis
1162 1862 1279 1950 placet.

386 1965 474 2032 Mula
498 1976 547 2030 est
569 1965 742 2047 medicina,
764 1964 822 2027 ubi
844 1963 968 2049 aliquid
990 1973 1124 2028 naturae
1148 1965 1241 2051 perit.

386 2069 492 2133 Malae
513 2077 648 2132 naturae
670 2053 845 2152 numquam
869 2063 1001 2133 doctore
1022 2065 1182 2150 indigent.

386 2169 537 2234 Misereri
560 2170 643 2231 scire
665 2164 878 2259 sinexpericlo
902 2175 950 2230 est
973 2169 1097 2230 vivere.

305 2281 367 2338 330
390 2271 477 2335 Male
499 2270 627 2351 vivunt,
652 2271 709 2355 qui
732 2291 767 2334 sc
789 2290 915 2354 semper
937 2270 1081 2334 victuros
1103 2279 1229 2355 putant.

306 2479 508 2487 —--——

231 2677 232 2682 η
305 2615 438 2657 consors
454 2616 478 2653 v.
497 2599 679 2656 309-340:
703 2599 784 2654 PRB
798 2595 892 2676 (TEC)

275 2770 277 2776 -
304 2734 370 2790 Mori
387 2742 428 2789 est
443 2733 560 2804 felicius,
576 2750 599 2787 a.
616 2749 651 2787 in.
669 2734 787 2787 invoces.
875 2730 936 2788 314
960 2739 1047 2789 tacere
1064 2733 1257 2791 CErasmus:
1272 2750 1352 2807 agere
1370 2734 1458 2791 PBB'

388 2820 481 2892 cupies
497 2818 678 2874 Panthuleon
765 2815 825 2873 315
848 2818 885 2871 in.
901 2819 974 2872 caret
988 2819 1041 2874 PB
1065 2818 1144 2874 Vino.
1162 2820 1236 2875 Bell.
1251 2836 1294 2891 sp.
1307 2821 1333 2874 d.
1347 2818 1377 2889 4,
1391 2819 1450 2876 83:

307 2911 380 2959 caret
402 2904 438 2958 in.
462 2903 495 2973 C,
517 2903 638 2958 inimicos
660 2901 725 2957 latet
746 2904 775 2957 B
858 2901 918 2957 310
941 2919 988 2957 sua
1010 2911 1052 2957 est
1076 2920 1154 2958 causa
1176 2905 1270 2960 PRB:
1289 2921 1337 2958 suu
1358 2921 1381 2959 c.
1404 2913 1451 2959 est
1497 2948 1499 2953 .

251 2979 256 2989 ⁸
308 2990 461 3058 Erasmus,
478 2996 519 3044 est
534 3005 556 3042 s·
573 2987 637 3044 cO
733 2986 792 3042 317
817 2985 861 3057 Of.
879 3005 904 3042 u.
921 2985 969 3043 20.
988 2986 1036 3043 61.
1054 2988 1123 3044 368.
1141 2987 1203 3046 400
1287 2987 1453 3044 bonumubi

307 3090 336 3128 se
352 3073 421 3128 PR.-
444 3071 488 3127 ubi
509 3071 536 3128 b.
558 3089 587 3128 se
609 3073 677 3142 BE,
699 3079 730 3125 ut
750 3087 780 3126 se
800 3069 824 3124 b.
843 3069 877 3141 C,
899 3071 983 3125 mulus
1006 3073 1045 3126 vir
1064 3071 1165 3128 honum
1187 3072 1293 3146 quando
1314 3089 1343 3128 se
1368 3074 1450 3130 Viuo.

307 3158 383 3214 Bell.
399 3174 445 3228 sp,
460 3159 487 3212 d.
503 3157 534 3228 4,
552 3156 610 3212 129
709 3162 774 3210 tunc
788 3157 865 3228 peior
881 3163 932 3224 est,
948 3171 1039 3229 supra
1056 3174 1114 3212 scr.
1132 3157 1173 3213 vel
1189 3160 1321 3231 pessimus
1337 3159 1366 3213 Ε

305 3242 366 3298 318
389 3241 452 3296 dum
475 3241 657 3312 Godofredus
773 3256 884 3295 somnus
905 3241 944 3294 B:
973 3257 1103 3314 sompnus
1127 3240 1161 3313 C,
1178 3259 1261 3298 sonus
1283 3243 1335 3298 PB
1372 3293 1381 3310 ,

306 3327 366 3384 319
391 3327 511 3382 estBO:
533 3325 635 3381 sitPB
722 3325 829 3396 quoties
846 3325 987 3381 Erasmus
1086 3326 1148 3383 320
1171 3326 1193 3383 0
1215 3327 1294 3383 Vr'nc.
1311 3327 1386 3383 Bell.
1404 3343 1450 3398 sp.

305 3413 331 3466 d.
349 3410 378 3482 5,
396 3410 454 3465 121
556 3409 616 3466 321
641 3426 737 3464 munus
754 3409 799 3481 qui
814 3410 897 3464 mittit
912 3408 1023 3466 Gruter
1113 3411 1150 3466 nil
1167 3413 1322 3467 Erasmus:
1344 3411 1410 3466 nihil
1426 3413 1452 3467 L

391 3494 451 3552 322
475 3495 526 3551 EC
548 3495 625 3551 Viuo.
643 3495 717 3550 Bell.
734 3511 777 3564 sp.
793 3495 820 3548 d.
837 3493 872 3564 4,
891 3493 938 3550 74.
958 3495 1026 3552 136.
1045 3496 1079 3566 6,
1099 3495 1135 3550 12
1230 3497 1297 3551 timu
1312 3497 1347 3566 P,
1364 3495 1452 3550 irmu-

305 3580 377 3635 lotur
392 3580 533 3650 dominus,
552 3577 595 3634 uhi
612 3580 687 3635 limet
703 3577 800 3651 quibus
816 3579 929 3651 imperat
943 3596 1056 3652 prorsus
1075 3580 1099 3635 Τ
1197 3579 1257 3638 323
1283 3579 1326 3652 Cf.
1344 3599 1368 3636 u.
1387 3579 1450 3635 222

390 3682 468 3738 muge
485 3665 607 3721 Gruter.-
630 3665 714 3738 magis
730 3663 791 3727 1303
813 3663 898 3736 magis
914 3664 992 3720 heres
1010 3662 1078 3719 fidus
1093 3665 1230 3721 Pithoeus
1316 3663 1377 3721 324
1400 3665 1455 3721 EC

319 3749 398 3804 Vino.
422 3749 496 3805 Bell.
519 3764 562 3819 sp.
584 3751 611 3802 (l.
634 3747 735 3818 5,10.
757 3747 953 3819 sp.ual.31,
972 3748 1030 3805 115
1137 3751 1164 3804 in
1186 3768 1238 3805 om.
1265 3751 1342 3806 Viuo.

309 3832 370 3889 325
394 3832 517 3906 voluptas
540 3833 697 3888 Erasmus:
719 3833 842 3888 voluntas
859 3831 908 3887 LC
1012 3834 1104 3889 alienis
1126 3834 1286 3890 adsuescere
1308 3835 1452 3891 Erasmus

393 3916 453 3974 326
478 3916 520 3988 Of.
544 3935 568 3973 u.
586 3916 647 3974 408
748 3917 849 3990 periclo
872 3918 994 3973 Gruter:
1016 3919 1137 3990 periculo
1158 3919 1246 3988 LEO,
1269 3935 1366 3992 magno
1388 3936 1450 3974 curn

307 4001 427 4076 periculo
443 4003 594 4058 Erasmus.
627 4003 746 4057 Hieron.
764 4004 827 4057 udo.
844 4003 935 4059 louiu.
949 4004 997 4059 lib.
1013 4003 1034 4059 Ι
1046 4005 1098 4058 sub
1112 4006 1163 4074 fin.
1209 4001 1342 4059 ‘Difficile
1357 4012 1452 4059 custo·

306 4087 395 4158 ditur,
418 4086 491 4159 quod
510 4086 602 4159 plures
624 4087 734 4140 amunt'
836 4086 897 4143 328
920 4087 1032 4142 doctore
1048 4086 1157 4144 PerC:
1178 4087 1318 4143 dootorem
1333 4088 1388 4158 Pa,
1404 4088 1451 4142 ds-

306 4180 366 4227 tore
383 4172 417 4242 F,
434 4171 556 4227 doctrine
572 4172 714 4227 Erasmus
820 4170 879 4228 323
905 4171 949 4244 Cf.
965 4191 990 4228 v.
1008 4172 1025 4227 7
1030 4172 1056 4228 7.
1076 4173 1136 4228 170
1244 4173 1364 4227 misereri
1379 4173 1451 4228 scire

308 4259 420 4312 restitui
434 4272 474 4314 ex
488 4257 560 4312 RE:
582 4257 672 4312 miseri
687 4257 756 4312 scire
771 4256 811 4326 P,
833 4257 966 4311 miseriam
981 4257 1085 4312 nescire
1101 4259 1129 4313 F
1141 4258 1301 4328 Erasmus,
1322 4257 1451 4325 miserum

305 4349 348 4396 est
368 4342 427 4396 sine
442 4339 562 4414 periculo
578 4341 683 4396 nescire
698 4342 786 4395 vivere
803 4340 824 4395 0
907 4341 1008 4413 periclo
1025 4341 1147 4398 Gruter.-
1169 4341 1290 4414 periculo
1306 4341 1344 4410 L,
1367 4349 1409 4397 est
1425 4360 1449 4396 s.

294 4443 334 4496 ,μ
350 4426 439 4481 virere
455 4427 598 4481 Erasmus
697 4425 760 4482 330
782 4424 833 4480 EO
853 4425 932 4481 Vinc.
953 4427 1023 4482 Bell.
1046 4443 1088 4497 sp.
1110 4428 1136 4482 cl.
1155 4425 1190 4497 5,
1208 4425 1278 4482 104.
1295 4442 1338 4496 sp.
1352 4443 1381 4480 n.
1398 4427 1450 4496 31,

287 4497 379 4572 ’1,01.
412 4507 458 4581 Cf.
477 4509 543 4570 Seu,
562 4514 643 4579 epist.
661 4508 711 4580 23,
732 4507 985 4586 remiremont,
1002 4512 1048 4582 qui
1064 4527 1172 4586 semper
1186 4512 1275 4566 vivere
1286 4509 1449 4582 incipiunt!

844 4652 868 4686 C
