3228 5184
485 495 640 544 PUBLILII
663 495 741 544 SYRI
765 495 994 545 SENTENTIAM.

160 641 167 648 “
255 647 443 712 Misericors
467 647 550 712 civis
572 649 698 736 patriae
721 658 770 714 est
792 646 980 714 consolatio.

255 749 382 814 Malitia
404 757 440 814 ut
461 751 552 836 peior
574 750 696 834 veniat,
720 773 755 816 se
777 748 907 816 simulat
929 749 1058 814 bonam.

254 850 362 915 Malus
383 851 511 915 animus
533 852 567 915 in
591 861 715 917 secreto
737 854 829 940 peius
852 851 984 936 cogitat.

169 961 234 1018 370
255 953 382 1017 Mutare
405 953 492 1040 quod
513 976 579 1019 non
599 955 718 1040 possis,
740 963 778 1019 ut
798 963 910 1019 natum
933 962 992 1036 est,
1015 953 1111 1016 feras¹

255 1053 360 1147 Multa
381 1063 456 1120 ante
478 1064 628 1141 temptes,
653 1077 749 1141 quam
771 1056 879 1119 virum
902 1053 1051 1119 invenias
1073 1054 1205 1119 bonurn.

255 1156 475 1222 Miserrimum
497 1167 546 1222 est
568 1156 704 1244 arbitrio
726 1156 859 1222 alterius
882 1154 1006 1221 vivere.

255 1258 428 1322 Mansuete
449 1259 569 1323 tutiora
591 1267 677 1343 sunt,
701 1259 759 1323 sed
781 1258 939 1323 serviunt.

255 1358 344 1424 Mala
365 1380 450 1423 mors
471 1361 677 1425 necessitatis
701 1358 895 1426 contumelia
917 1367 976 1446 est.

167 1468 230 1525 375
255 1460 364 1526 Minus
387 1481 484 1546 saepe
505 1484 631 1548 pecces,
655 1463 683 1527 si
706 1465 790 1527 scias
814 1460 901 1548 quod
922 1461 1059 1525 nescias.

255 1561 361 1627 Malus
385 1564 579 1649 quicumque
600 1564 635 1628 in
656 1585 762 1651 poena
784 1572 844 1646 est,
866 1561 1067 1650 praesidium
1089 1570 1138 1626 est
1152 1561 1265 1650 bonis.

256 1662 313 1728 Nil
334 1684 431 1748 agere
454 1685 584 1752 semper
602 1665 728 1730 infelici
750 1674 799 1730 est
821 1666 988 1752 optimum.

257 1763 312 1830 Nil
334 1774 469 1852 peccent
491 1765 587 1850 oculi,
611 1768 640 1831 si
663 1768 790 1832 animus
813 1766 914 1832 oculis
936 1763 1084 1852 i'mperet.
1167 1841 1169 1844 Ι

256 1865 313 1930 Nil
335 1868 502 1953 proprium
524 1867 634 1952 ducas,
658 1868 820 1955 quidquid
843 1861 961 1932 mutari
983 1874 1101 1954 potest.

168 1975 233 2034 380
255 1967 329 2032 Non
352 1970 415 2033 cito
437 1969 724 2056 ruinaopteritur,
748 1971 804 2057 qui
825 1970 942 2033 rimam
964 1970 1095 2033 timet·

256 2068 373 2133 Nr'rllus
389 2079 439 2135 est
453 2079 519 2134 tam
534 2073 623 2136 tritus
641 2079 805 2158 quaestus,
818 2073 916 2159 quam
931 2070 1018 2156 quod
1033 2069 1154 2134 habeas
1169 2070 1312 2155 parcere.

255 2170 390 2234 Nescius
414 2172 493 2258 quid
515 2173 607 2259 optes
628 2181 686 2236 aut
708 2172 787 2258 quid
809 2173 933 2257 frigiae:
956 2172 1003 2236 ita
1025 2170 1111 2235 ludit
1132 2170 1214 2234 dies.

256 2272 440 2358 Numquam
462 2273 620 2348 periclum
643 2275 713 2339 sine
734 2272 856 2361 periclo
879 2274 1032 2338 vincitur.
1114 2296 1117 2304 ·

171 2463 378 2472 ————-

168 2599 306 2643 comens
322 2602 348 2642 v.
366 2584 546 2643 341—376:
563 2584 665 2659 NT),
687 2603 712 2640 v.
730 2585 791 2643 377
795 2586 911 2652 -3867
928 2585 1011 2643 PRF
1023 2584 1120 2658 (recl

257 2737 318 2794 367
343 2738 386 2810 Cf.
403 2736 474 2794 471.
489 2736 552 2794 475
653 2737 714 2795 368
738 2738 823 2817 0[,7.
841 2739 879 2796 61
981 2738 1041 2796 369
1066 2738 1109 2811 Cf.
1125 2757 1150 2795 u.
1167 2735 1229 2794 457

171 2821 301 2894 aloes,
318 2841 343 2879 u.
362 2822 422 2880 176
508 2821 611 2878 Mutare
627 2819 692 2896 lale:
715 2841 772 2880 non
794 2822 902 2894 mutari)
924 2841 950 2896 q.
967 2841 993 2879 n.
1009 2818 1082 2897 polis
1104 2830 1146 2880 est
1162 2822 1270 2879 Gruter
1283 2825 1312 2877 in

170 2909 238 2962 edit.
258 2925 285 2961 u.
303 2907 402 2979 1610,
424 2921 526 2964 uersus
546 2909 730 2964 desideretur
748 2913 776 2964 in
799 2912 903 2965 ceteras
919 2910 980 2964 edd.
1116 2905 1175 2963 371
1200 2912 1313 2978 temptes

171 2994 286 3047 restitui
307 3007 347 3048 cu
362 2992 401 3046 F.-
423 2999 529 3065 tempus
552 2994 676 3048 editores
762 2992 822 3050 372
846 2993 901 3048 arb.
923 2991 1034 3048 alterius
1051 2993 1173 3050 Gruter.-
1195 2989 1240 3045 alt.
1258 2989 1313 3044 arb.
1403 3025 1407 3033 -
1512 3031 1516 3038 .

171 3077 200 3130 F
283 3074 344 3132 374
368 3075 412 3146 Cf.
429 3076 541 3132 Seneca
558 3081 639 3147 epist.
657 3077 712 3148 70,
729 3076 784 3134 207
808 3077 873 3133 ‘hoc
896 3077 946 3132 luit
969 3078 1050 3132 morti
1072 3075 1260 3133 contumeliam
1276 3073 1314 3128 fa-

146 3158 284 3215 ’cere.'·
342 3158 403 3217 375
427 3163 500 3233 quon
515 3162 556 3216 F.-
579 3161 642 3234 quid
659 3164 782 3218 editores
869 3163 929 3220 376
953 3160 997 3232 Cf.
1014 3180 1038 3221 u.
1055 3161 1116 3219 536
1193 3159 1253 3217 377
1277 3158 1314 3214 uil

171 3245 302 3318 Inputat.-
324 3244 390 3300 nihil
404 3244 452 3301 LO
545 3246 646 3302 infelici
662 3246 853 3303 OErusmur:
876 3246 989 3303 infelicis
1005 3246 1102 3318 Par,
1124 3245 1208 3301 salicis
1223 3245 1313 3300 Bern.

194 3391 196 3403 Ι
247 3337 313 3402 opt.
330 3329 411 3386 estc
495 3329 555 3387 378
578 3330 616 3385 nil
632 3332 790 3392 Erasmus:
813 3331 878 3387 nihil
894 3330 969 3388 LEO
1052 3337 1166 3406 peccant
1181 3329 1232 3386 EG

171 3413 276 3468 animus
297 3413 382 3469 oeulis
398 3414 482 3470 PRE
494 3415 650 3472 Erasmus.-
673 3432 713 3472 oc.
735 3433 777 3472 au.
795 3416 845 3473 FC
863 3419 960 3490 77777977,
983 3416 1035 3471 illis
1058 3432 1101 3471 an.
1118 3414 1220 3487 Mlilzly

171 3499 284 3571 imperat
299 3496 352 3554 170
435 3497 495 3556 379
518 3500 555 3555 771
571 3501 729 3556 Erasmus.-
750 3500 817 3556 nihil
833 3500 880 3557 Lu
969 3500 1050 3556 (lucas
1066 3501 1119 3556 PR
1143 3499 1219 3555 Vino.
1235 3499 1310 3554 Bell.

171 3598 216 3652 sp.
235 3583 260 3638 d.
285 3581 319 3654 5,
337 3582 392 3653 76,
413 3589 444 3639 777
464 3584 547 3656 infra
569 3604 593 3640 u.
608 3583 685 3641 423:
708 3584 780 3640 dicas
795 3585 858 3647 FC,·
881 3584 921 3656 cf.
943 3584 1028 3640 Sexti
1045 3590 1117 3640 rent.
1141 3583 1179 3639 71
1201 3581 1313 3654 (Orelli,

171 3683 270 3738 opusc.
291 3684 361 3724 mor.
384 3666 410 3737 Ι,
427 3666 498 3740 252)
522 3669 592 3724 ‘Hoc
613 3668 701 3725 solum
723 3668 771 3724 tibi
790 3670 931 3742 proprium
951 3668 1032 3724 dicito
1058 3667 1112 3740 (alc
1133 3669 1195 3724 eccl.
1215 3667 1314 3722 Paris.

172 3751 266 3821 2676,
282 3767 360 3808 saec.
375 3752 425 3810 IX
425 3750 446 3823 ),
462 3753 534 3825 quod
550 3753 651 3810 bonum
667 3753 730 3809 est’
838 3753 965 3833 quicquid
980 3753 1049 3809 PR:
1071 3751 1143 3826 quod
1160 3751 1210 3808 FC
1221 3745 1312 3808 'Vina

170 3843 263 3911 polest
277 3835 356 3892 RFO
377 3836 465 3892 Vinea
485 3839 573 3911 possit
587 3839 626 3908 Ρ,
649 3838 722 3911 quod
743 3853 768 3892 m
793 3839 897 3912 possiet
912 3839 1054 3894 Erasmus
1095 3835 1169 3910 quod
1189 3838 1316 3892 mutarier

169 3927 265 3994 potest
286 3918 420 3977 Pithoeus
520 3921 582 3980 380
604 3917 772 3996 *opterltur
793 3921 919 3994 (teriturl
939 3923 1065 3996 premite¹
1079 3938 1114 3994 q:
1135 3922 1240 3995 peritur
1260 3921 1313 3992 Pb,
1348 3925 1352 3932 '
1380 3935 1385 3942 ·

171 4005 336 4078 opprimitur
351 4004 463 4076 (omisso
478 4005 565 4076 ruina)
584 4008 616 4077 Τ,
631 4008 702 4080 perit
717 4008 757 4062 vir
773 4006 883 4079 Puer,
899 4007 970 4081 perit
986 4005 1017 4077 0,
1033 4008 1103 4079 perit
1118 4007 1141 4061 is
1157 4007 1239 4079 culpo

169 4090 265 4144 rimam
287 4089 345 4145 Pb:
366 4090 479 4163 primam
500 4091 591 4162 Pas,
617 4092 721 4146 ruinam
740 4091 814 4148 TFO
909 4091 968 4148 381
992 4085 1079 4146 *tam
1103 4097 1193 4160 tutus,
1218 4091 1314 4161 possis

169 4176 257 4230 etiam
275 4180 327 4228 tam
343 4179 448 4229 certus:
470 4183 561 4231 tantus
576 4176 639 4243 L03
662 4175 703 4247 ef.
719 4176 836 4250 Prolep.
850 4194 899 4249 pp.
916 4174 958 4232 54
1058 4191 1168 4248 parcere
1182 4175 1313 4248 Inpulsu.-

169 4258 331 4326 carcerale,
347 4274 438 4314 arcere
455 4258 539 4330 PFG,
555 4277 646 4316 carere
662 4261 751 4318 Bern.
768 4276 934 4332 suprascr.
951 4260 1133 4316 Penthaleon
1209 4257 1269 4315 382
1294 4259 1316 4315 0

256 4358 290 4396 au
305 4341 369 4414 quid
385 4343 412 4399 Ι7
500 4343 559 4402 383
584 4346 693 4401 Gellius
710 4345 759 4418 17,
777 4344 832 4416 14,
853 4344 982 4400 Maerob.
1001 4344 1061 4400 Sul.
1079 4343 1114 4413 2,
1131 4343 1160 4413 7,
1175 4345 1241 4400 Joc.
1259 4343 1312 4399 So·

168 4429 246 4482 reeb.
271 4427 377 4482 Polior.
395 4426 430 4497 8,
449 4427 487 4483 14
572 4429 719 4503 periclum,
740 4430 842 4503 periclo
859 4429 983 4486 Gellius.-
1004 4427 1170 4501 perieulum‚
1192 4427 1313 4502 periculo

166 4510 247 4568 LEO
268 4511 348 4568 Viae.
364 4512 439 4568 Bell.
456 4529 499 4586 sp.
518 4516 545 4570 d.
562 4513 594 4587 4,
612 4513 650 4571 73
1265 4529 1268 4536 “
