3252 5180
608 452 882 501 ruouusousus.
1279 437 1322 504 59

168 607 218 670 tis
225 654 234 688 ,
262 615 299 671 ut
325 605 387 670 hae
409 627 538 694 quoque
560 605 601 670 do
624 627 722 672 causa
744 629 858 673 versus
880 628 900 674 a
922 605 1064 673 Grutero
1088 629 1130 674 ex
1152 606 1319 674 codicibus

170 707 337 772 Palatinis
360 717 510 794 receptus

401 847 532 910 (demtus
553 853 663 912 dotores
683 852 803 920 iudicat,
824 869 886 932 uon
907 853 1045 921 uindicat,

169 1003 193 1044 a
216 980 359 1045 Publilio
386 980 625 1047 abiudicandus
648 983 701 1047 sit.
745 983 889 1048 Maxime
917 1005 995 1048 vero
1018 981 1198 1050 delectatur
1219 982 1319 1068 gemi-

98 1101 112 1114 “
169 1083 317 1165 natione,
340 1092 377 1147 ut
399 1083 487 1147 idem
510 1083 705 1151 vocabulum
728 1086 778 1150 bis
802 1085 955 1174 deinceps
978 1095 1126 1172 ponatur.
1172 1084 1240 1149 cfr.

384 1249 400 1297 a
422 1240 551 1302 Animus
571 1245 663 1302 vereri·
684 1246 735 1317 qut
755 1247 816 1313 seit,
838 1247 890 1304 seit
912 1249 974 1303 tuta
996 1246 1118 1320 toyredt.

349 1351 399 1400 216
420 1345 516 1404 Hosne
537 1363 622 1418 saepe
641 1345 736 1417 fertur
756 1347 791 1405 iu
811 1347 902 1415 atiud,
925 1347 1007 1405 uliud
1028 1348 1140 1420 sopitat.

350 1454 399 1503 412
421 1445 492 1508 Noa
511 1466 623 1520 semper
643 1466 745 1507 aurem
766 1449 881 1520 [urbm
901 1447 1029 1520 facilitas
1050 1449 1142 1508 trabat.

349 1555 398 1604 463
420 1549 480 1608 Pro
502 1551 645 1608 medietas
667 1555 707 1608 est
728 1551 817 1619 dolor,
839 1551 964 1609 dotorem
985 1551 1036 1622 qut
1057 1553 1147 1610 occat.

349 1657 399 1705 524
422 1651 479 1726 Qui
500 1653 577 1710 tieret
599 1654 735 1721 amincus,
758 1656 869 1712 amicus
890 1657 923 1710 at
945 1654 1043 1710 timeat
1065 1653 1150 1710 docet.

349 1758 397 1807 541
422 1753 478 1828 Qut
494 1758 562 1826 pote
583 1755 674 1812 cetere
694 1756 806 1823 citima,
828 1756 932 1812 citium
953 1771 1014 1812 uere
1035 1753 1115 1824 fucit.

172 1920 257 1984 quae
285 1896 413 1963 librarii
441 1897 591 1986 pluribus
620 1899 700 1967 locis
728 1901 983 1990 transpositione
1004 1867 1180 1963 v'erborum
1203 1898 1318 1964 obscu-

172 2010 342 2066 raverunt.
387 2000 438 2066 cf.
468 2024 500 2064 v.
523 2001 545 2064 4
571 2003 702 2085 infirma
728 2006 840 2087 Jtrmu,
872 2002 932 2066 179
954 2003 1061 2083 perdit
1081 2003 1226 2083 peredere,
1258 1999 1321 2063 224

168 2123 292 2184 pareas
312 2123 448 2184 pareas,
481 2102 542 2166 291
570 2105 673 2169 auare
699 2107 817 2183 eutem,
853 2103 916 2168 340
944 2105 1051 2168 mattis
1078 2104 1199 2180 mattis,
1235 2104 1321 2184 aurit

175 2206 275 2288 eupit,
303 2205 367 2268 584
387 2225 478 2287 posse
500 2208 615 2288 possit,
645 2215 677 2270 et
705 2229 737 2270 v.
771 2207 848 2286 138,
870 2206 905 2268 si
934 2227 1013 2298 v'era
1042 2213 1092 2268 est
1122 2203 1319 2284 coniectura,

176 2308 331 2371 amissam
359 2309 523 2372 amittitur.
568 2307 752 2395 Aliquoties
785 2317 895 2371 tamen
922 2306 1045 2370 factum
1074 2313 1138 2387 est,
1172 2313 1208 2368 ut
1239 2302 1319 2370 baec

174 2409 282 2492 figura
302 2409 398 2472 metri
420 2407 607 2474 necessitati
630 2409 776 2492 cederet,
805 2407 897 2474 velut
919 2431 951 2472 v.
973 2408 1016 2473 50
1037 2409 1134 2473 cruori
1155 2408 1251 2490 mort,
1278 2406 1319 2470 66

174 2511 371 2574 interimitur
386 2513 480 2593 perit,
504 2511 566 2577 598
588 2514 695 2577 timere
717 2517 845 2578 metuas.
890 2509 932 2575 In
946 2510 1008 2576 boc
1023 2517 1090 2574 tam
1106 2509 1228 2593 insigni
1244 2530 1318 2573 con-

175 2612 345 2675 cinnitatis
374 2612 483 2676 studio
511 2612 582 2676 fieri
608 2614 668 2681 vix
696 2615 819 2699 potuit,
849 2623 884 2678 ut
912 2610 1073 2677 Publilius
1102 2634 1135 2674 v.
1163 2612 1203 2675 33
1231 2609 1320 2674 nulla

173 2714 358 2777 tetrametri
387 2712 458 2798 lege
485 2715 662 2802 impeditus
686 2714 836 2780 maluerit
859 2715 1001 2788 seribere
1023 2718 1178 2795 quautam
1199 2714 1317 2790 melior,

175 2820 263 2880 tauto
285 2817 424 2896 aequior.

263 2917 345 2980 Cum
359 2916 496 2981 Publilii
519 2919 700 2983 sentcntiae
723 2942 781 3005 pro
804 2919 892 2984 vitae
914 2919 1096 3006 praeceptis
1113 2917 1178 2981 sint
1195 2915 1318 2980 baben-

175 3017 254 3100 dae,
277 3019 509 3103 gravissimum
532 3021 594 3084 erit
615 3023 791 3107 inquirere,
815 3043 879 3107 qua
901 3019 1056 3086 orationis
1079 3018 1183 3082 forma
1205 3019 1239 3081 in
1261 3017 1340 3081 ad.

174 3119 338 3184 monendo
361 3143 438 3184 usus
461 3121 515 3184 sit.
558 3121 710 3206 Magistri
732 3123 864 3186 virtutis
886 3132 935 3186 est
950 3144 1022 3185 cum
1038 3120 1154 3190 doecre
1169 3118 1250 3206 quid
1264 3121 1318 3202 sit,

174 3232 245 3286 tum
273 3223 461 3310 praecipere
489 3237 579 3309 quae
599 3222 708 3288 facere
730 3222 916 3288 debeamus.
960 3223 1102 3287 Docenti
1123 3229 1159 3286 ut
1182 3231 1231 3285 est
1251 3243 1318 3284 ma-

173 3325 264 3388 xime
294 3335 545 3389 consentaneum
570 3327 619 3390 uti
648 3324 743 3390 modo
772 3324 1008 3409 indicativo*),
1042 3327 1088 3389 ita
1120 3323 1317 3404 exhortanti,

171 3434 270 3515 prout
292 3423 440 3507 libuerit,
468 3436 525 3490 aut
545 3421 739 3515 imperativo
767 3436 824 3491 aut
850 3427 1014 3514 praesenti
1039 3425 1239 3490 coniunctivi
1261 3433 1319 3488 aut

173 3527 284 3591 futuro
313 3525 487 3621 indicativi
515 3529 563 3592 uti
591 3528 678 3594 licet.
724 3529 788 3594 Sed
820 3529 1081 3617 imperativo,
1111 3528 1186 3611 quia
1214 3526 1317 3613 poetis

172 3628 359 3716 imperandi
380 3629 431 3693 ius
453 3631 561 3694 minus
579 3632 773 3718 permissum
789 3640 848 3714 est,
871 3629 1017 3695 consulto
1032 3627 1192 3693 abstinuit
1206 3625 1317 3690 Publi-

173 3728 237 3793 lius
262 3738 399 3816 exeeptc
421 3753 485 3795 uno
509 3753 606 3796 versu
626 3733 688 3796 261
1213 3749 1216 3753 “

419 3873 471 3931 Itu
493 3875 572 3932 aeda
594 3867 696 3942 emim,
719 3893 755 3933 ae
776 3876 814 3932 sit
836 3875 952 3934 icterico
975 3875 1061 3943 bars,

171 4001 229 4065 ubi
258 4003 504 4068 coniunctivum
532 4005 637 4089 magis
662 4027 703 4067 ex
722 4025 786 4068 usu
808 4005 978 4091 scriptoris
1006 4026 1076 4068 esse
1098 4004 1223 4068 librarii
1244 4003 1316 4065 Fri-

172 4105 284 4188 gensis
306 4101 416 4190 lapsus
434 4105 569 4191 (accim)
587 4107 666 4170 satis
690 4106 844 4189 ostendit,
866 4127 927 4169 nec
948 4105 1093 4193 profecto
1113 4106 1161 4169 ita
1176 4104 1316 4169 scribere

172 4253 268 4260 ...-
282 4256 375 4261 .-—-—

242 4326 269 4392 *)
289 4329 367 4378 Unus
387 4332 430 4378 est
447 4345 551 4388 versus,
571 4331 599 4380 in
618 4345 671 4394 quo
689 4335 772 4395 poeta
790 4330 879 4395 prima
896 4345 1014 4402 persona
1031 4344 1098 4379 usus
1111 4327 1144 4379 de
1157 4329 1316 4394 semetipso

171 4411 307 4476 loquitur,
333 4414 380 4462 146
399 4409 473 4463 Deos
495 4410 586 4464 ridere
609 4411 703 4476 eredo,
727 4427 788 4465 eum
811 4411 880 4476 felic
901 4415 987 4478 voca,
1011 4420 1134 4465 ceterum
1157 4429 1174 4464 a
1192 4413 1317 4466 codicum

172 4497 344 4547 auctoritate
361 4512 457 4561 parum
476 4498 693 4552 commendatus.
