3252 5180
588 443 860 492 PROLEGOMENA.

276 772 344 857 Vl.
393 771 453 854 De
483 770 643 855 Publilii
674 771 872 857 sententiis
905 709 1174 880 emendandis.

236 970 284 1034 Ut
301 969 382 1035 Cato
398 971 538 1057 primum
553 973 674 1036 oratori
689 982 898 1060 praeceptum
914 974 1083 1060 proposuit
1104 973 1197 1038 ‘Rem
1214 983 1299 1057 tene,

147 1072 255 1134 verba
277 1079 477 1158 sequentur’,
501 1075 547 1137 ita
569 1073 709 1160 primum
732 1074 838 1138 critici
860 1075 1005 1138 officium
1020 1083 1079 1156 est,
1103 1077 1300 1140 sententiam

146 1184 311 1262 spectare,
335 1174 469 1260 etquid
492 1172 558 1238 dici
581 1173 746 1256 debuerit,
771 1175 851 1261 quid
873 1177 1027 1263 potuerit,
1052 1175 1131 1262 quid
1153 1200 1219 1242 non
1241 1202 1298 1266 po·

145 1277 266 1359 tuerit,
302 1275 552 1361 diligentissime
588 1276 805 1341 considerare.
851 1277 941 1342 Solet
974 1286 1083 1341 tamen
1110 1279 1198 1343 haud
1226 1280 1299 1344 leve

145 1376 307 1441 accedere
334 1377 585 1461 adminiculum,
621 1401 695 1442 cum
723 1377 809 1464 quod
837 1402 938 1443 unum
965 1381 1134 1467 scriptoris
1164 1381 1299 1448 consilio
1352 1366 1355 1371 ¹

145 1479 348 1566 respondere
370 1482 588 1567 perspexeris,
612 1479 646 1544 id
662 1490 749 1544 recte
765 1501 800 1544 se
815 1480 935 1545 habere
957 1482 1207 1566 argumentis
1230 1505 1297 1568 pa-

145 1581 451 1668 laeographicis
482 1579 536 1645 vel
570 1582 753 1648 metricis
786 1580 840 1644 vel
874 1604 920 1664 ex
955 1581 1120 1662 dicendi
1153 1605 1298 1669 genere

145 1685 294 1771 petitis
323 1683 527 1770 comprobari
555 1684 669 1770 possit.
717 1681 923 1768 Quamquam
946 1684 1048 1768 igitur
1070 1683 1133 1750 duo
1156 1683 1296 1772 plerum-

146 1807 213 1872 que
242 1784 294 1849 vel
320 1785 413 1872 plura
443 1787 541 1849 etiam
564 1784 688 1849 indicia
710 1784 906 1848 emendandi
929 1786 1016 1848 viam
1038 1796 1235 1870 monstrant,
1265 1798 1298 1851 et

143 1885 287 1950 alterum
308 1909 366 1974 per
389 1875 429 1951 se
445 1872 510 1952 non
532 1888 612 1952 satis
635 1896 759 1950 eertum
774 1885 907 1950 alterius
923 1886 1047 1954 auxilio
1063 1886 1200 1972 indiget,
1224 1889 1292 1977 pla-

146 1989 218 2054 cuit
240 1999 349 2053 tamen
371 1989 508 2053 seorsim
531 1986 660 2073 singula
683 2010 831 2075 quaeque
855 1989 1064 2077 perlustrare.

237 2091 270 2174 1)
293 2090 428 2171 LibroS,
457 2089 544 2154 unde
573 2089 700 2154 codices
724 2112 744 2153 a
765 2090 859 2154 nobis
889 2089 1000 2155 collati
1016 2089 1187 2179 'descripti
1210 2102 1295 2177 sunt,

145 2194 215 2256 iam
238 2193 327 2279 ipsos
359 2191 476 2257 litteris
503 2191 744 2276 longobardicis
774 2201 923 2256 exaratos
953 2192 1071 2274 fuisse,
1100 2191 1295 2277 frequentis-

147 2295 232 2356 sima
252 2291 436 2357 litterarum
458 2317 476 2357 r
498 2303 530 2356 et
551 2315 568 2358 s
590 2293 737 2358 confusio
755 2292 935 2357 luculenter
951 2292 1163 2358 demonstrat.
1201 2295 1294 2364 Ridi-

147 2394 220 2459 cula
250 2415 352 2481 paene
379 2394 508 2461 librarii
535 2395 808 2480 Rheinaugiensis
837 2396 871 2458 in
899 2417 934 2458 re
963 2417 1065 2483 prava
1078 2406 1083 2414 '
1096 2397 1294 2486 constantia:

147 2499 205 2583 qui
228 2519 302 2560 cum
324 2519 355 2564 v.
375 2499 411 2561 17
434 2519 549 2576 mmor,
577 2497 615 2562 18
630 2499 811 2578 extorques,
836 2497 877 2562 86
892 2499 928 2562 m
949 2499 1144 2576 seudocmu,
1169 2498 1221 2562 88.
1243 2498 1294 2564 91.
1396 2515 1399 2519 '

147 2599 199 2663 96.
226 2599 296 2663 123.
323 2599 392 2662 181.
419 2599 479 2662 180
507 2598 627 2664 similia
656 2601 858 2686 scripsisset,
889 2621 967 2663 mox
994 2598 1159 2664 intellecto
1188 2621 1296 2665 errore

147 2723 189 2764 ex
206 2698 377 2786 Charybdi
400 2701 433 2762 in
451 2699 594 2787 Scyllam
610 2700 757 2764 incidens
774 2702 936 2765 contraria
951 2699 1186 2766 vocabulorum
1201 2725 1292 2767 mou·

123 2811 215 2865 *stra
236 2799 383 2888 protulit,
407 2824 429 2864 v
458 2803 517 2866 138
539 2804 653 2881 oberro,
680 2802 739 2866 188
761 2804 844 2874 raba
864 2807 976 2884 spectu,
1000 2803 1060 2867 281
1082 2804 1209 2882 hortem,
1232 2804 1296 2868 254

433 2851 439 2863 Ι

432 2881 447 2894 9

147 2905 349 2981 crimmoru)
366 2903 429 2967 256
452 2904 635 2968 cutumitoro
659 2912 719 2966 etc.
766 2901 877 2982 Quare
904 2904 939 2966 in
965 2925 1063 2994 versu
1085 2904 1146 2969 527
1170 2905 1295 2970 in'solo

148 3005 233 3070 Fris.
258 3014 387 3070 servato

247 3222 260 3242 t
315 3147 371 3222 Qm'
387 3151 455 3220 pote
477 3149 628 3242 corallium
648 3147 756 3222 supero,
778 3165 879 3220 supere
900 3149 977 3206 idem
993 3152 1089 3220 potest

146 3303 242 3358 aucta
264 3293 481 3381 oppositionis
505 3295 540 3356 vi
554 3291 776 3379 reponendum
794 3295 1189 3378 existimavimus‘mperc.
1223 3296 1293 3361 cfr.
1396 3293 1404 3298 ’

148 3396 243 3460 Caec.
262 3394 355 3460 Balb.
371 3419 403 3482 p.
419 3396 471 3477 38,
488 3397 679 3460 occasionem
701 3417 766 3460 mom
787 3399 896 3478 accipi,
920 3398 975 3460 scd
995 3399 1071 3478 rupi
1093 3397 1292 3476 debere-lul.

147 3491 406 3585 CapitolsMax.
438 3506 470 3560 et
497 3494 642 3581 sarug
670 3499 802 3564 coasilia
829 3499 985 3580 rapienda
1011 3519 1075 3562 mm
1103 3501 1292 3583 quaerenda,

146 3599 226 3663 Hor.
250 3597 357 3684 Epod.
384 3599 434 3680 13,
456 3598 487 3661 4.
512 3597 587 3662 Sen.
612 3599 706 3684 epist.
732 3599 784 3680 70,
807 3600 859 3662 24.

231 3698 330 3780 Quod
352 3699 395 3764 ad
418 3701 599 3788 scripturae
622 3698 813 3786 compendia
834 3701 968 3781 attinet,
1000 3698 1156 3787 plurimas
1179 3702 1317 3788 turbas¹

145 3805 249 3867 movit
271 3824 357 3887 apex
378 3801 450 3884 ille,
475 3824 538 3888 quo
559 3799 689 3889 syllaba
711 3824 751 3866 m
774 3802 990 3888 significatur,
1015 3825 1067 3871 ex.
1089 3825 1139 3888 gr.
1163 3805 1292 3871 v.-423.

146 3904 245 3968 Haud
274 3925 348 3968 raro
376 3904 478 3988 igitur
507 3905 659 3989 passivae
682 3901 855 3968 verborum
877 3903 1001 3971 formae
1024 3916 1191 3970 cesserunt
1212 3908 1291 3970 acti-

145 4008 212 4088 vis,
242 4015 300 4069 aut
327 4006 461 4070 activae
485 4028 595 4069 rursus
619 4006 817 4093 depravatae
839 4016 915 4070 sunt
937 4009 972 4070 in
994 4009 1160 4093 passivae,
1189 4008 1292 4072 veluti

145 4131 175 4172 v.
197 4108 272 4172 478.
296 4107 370 4172 448.
415 4106 599 4194 Aliquoties
623 4130 663 4172 ur
689 4106 773 4171 abiit
794 4109 829 4172 in
851 4111 904 4173 mr
929 4107 982 4172 vel
1004 4112 1047 4200 ut.
1093 4109 1134 4172 V.
1157 4110 1218 4174 521
1241 4111 1290 4172 vi·
1342 4110 1348 4115 ’

144 4211 229 4274 tiosa
258 4208 380 4274 codicis
403 4208 439 4272 F
457 4211 619 4296 scriptura
647 4212 837 4294 contingitur
862 4211 940 4273 inde
963 4220 1032 4275 orta
1055 4232 1126 4274 esse
1148 4208 1290 4294 videtur,
1382 4268 1384 4274 .

146 4310 232 4397 quod
255 4312 291 4373 in
312 4304 491 4398 archetypo
514 4313 673 4397 scriptum
694 4312 759 4376 fuit

372 4471 454 4547 Quod
474 4472 523 4530 vta
544 4473 691 4546 comtmptt,
714 4474 742 4530 ot
763 4473 936 4546 uoluptatem
951 4473 1044 4546 parit,
