3228 5184
419 488 526 536 rausa
547 487 780 538 runnrnmsns
802 485 996 536 ancarana.
1223 470 1281 534 131

221 644 334 708 Potest
356 641 436 730 quid
459 663 530 707 esse
553 641 737 726 honestum,
759 640 846 727 quod
868 648 934 707 nori
956 637 1119 704 liberum?

221 746 356 810 Praeter
386 765 517 810 causam
548 743 685 809 multum
712 742 817 808 amico
848 741 997 826 dabitur,
1026 739 1163 806 multum
1186 739 1284 804 etiam

748 853 861 910 contra
882 844 1023 910 amicum
1045 844 1142 909 scias.

221 949 413 1035 Principum
435 948 576 1013 saevitia
597 947 721 1013 bellurn
743 957 804 1015 est.

35 1135 36 1140 ἵ
221 1050 357 1115 Privata
378 1048 491 1114 studia
513 1047 682 1138 publicum
705 1057 858 1114 evertunt
880 1049 1011 1116 bonum.

35 1175 36 1208 r
135 1159 201 1217 *300
221 1151 365 1217 Probare
388 1151 511 1216 amicos
534 1149 671 1216 difficile
694 1160 743 1217 est
764 1173 800 1217 re
821 1173 987 1240 prospera.

221 1253 328 1340 Prope
351 1263 401 1320 est
423 1261 460 1319 ut
481 1252 623 1318 libenter
645 1253 788 1338 damnet,
812 1255 868 1341 qui
891 1256 966 1320 cito.

222 1355 329 1444 Prope
353 1365 402 1421 est
424 1364 462 1421 ut
483 1377 549 1420 non
570 1377 672 1442 aeque
695 1358 835 1439 damnet,
859 1357 915 1444 qui
937 1357 1046 1421 nimis.

224 1454 373 1544 Pupillus
396 1465 447 1522 est
468 1479 586 1522 avarus
609 1459 727 1524 aetatis
749 1458 872 1524 brevis.

223 1558 327 1622 Purus
350 1559 443 1644 deus,
466 1581 533 1624 non
554 1558 667 1643 plenas
690 1561 810 1649 aspicit
831 1582 958 1626 manus.

146 1666 204 1725 305
226 1660 318 1742 Quae
340 1659 541 1745 defloruerit,
563 1683 605 1726 ne
626 1663 745 1727 iterum
767 1671 942 1749 quaeratur
962 1683 1046 1728 rosa.

226 1761 317 1842 Quae
341 1771 390 1828 est
411 1784 463 1828 ars
487 1762 652 1851 parandae
674 1764 857 1828 amicitiae?
882 1763 919 1830 Si
940 1765 992 1829 vis
1014 1763 1128 1845 amari,
1152 1783 1234 1826 ama.

226 1863 440 1944 Quaerendus
463 1887 586 1932 cuneus
609 1874 659 1931 eat
680 1864 785 1931 malus
807 1875 923 1932 trunco
945 1865 1041 1934 malo.

225 1965 332 2046 Quam
353 1988 510 2053 magnum
533 1977 583 2034 est
604 1989 670 2032 non
690 1967 817 2056 laudari
840 1977 872 2034 et
895 1990 967 2034 esse
988 1966 1206 2033 laudabilem!
1303 2015 1305 2018 -

35 2143 36 2158 ,
226 2067 333 2148 Quam
354 2091 451 2158 saepe
474 2071 615 2152 veniam,
639 2071 695 2157 qui
717 2079 907 2156 negaverat,
930 2070 1030 2157 petit!

146 2176 205 2234 310
226 2168 292 2249 Qui
314 2169 371 2234 alii
393 2169 572 2255 maledicit,
595 2171 660 2236 sibi
682 2172 866 2238 convicium
887 2171 978 2236 facit.

227 2270 316 2351 Quid
340 2293 377 2336 eo
400 2271 577 2356 infelicius,
601 2275 654 2338 cui
676 2275 741 2338 iam
762 2273 848 2339 malo
872 2295 943 2339 esse
965 2292 1098 2338 necesse
1122 2271 1195 2337 est?

227 2372 318 2453 Quid
342 2385 392 2440 est
414 2375 609 2440 beneficium
632 2375 735 2440 dare?
757 2376 881 2440 imitari
903 2371 1011 2440 deum.

226 2475 315 2556 Quid
338 2484 448 2563 potest
468 2475 511 2542 ab
535 2497 572 2541 eo
595 2478 768 2565 quisquam
790 2498 930 2564 sperare,
955 2497 1051 2564 quem
1073 2473 1194 2540 malum
1215 2497 1287 2540 esse

750 2577 885 2644 docuit?

230 2677 402 2766 Quidquid
419 2703 522 2768 aequo
543 2679 616 2767 plus
631 2681 778 2747 futurum
793 2688 853 2764 est,
875 2681 911 2745 in
925 2689 1052 2768 partem
1067 2679 1289 2746 humaniorem
1380 2663 1383 2678 ’

750 2782 872 2847 inclina
893 2782 947 2848 vel
969 2781 1202 2871 praepondera.

150 2888 206 2948 316
230 2881 322 2963 Quid
344 2885 482 2973 quisque
503 2887 617 2974 possit,
641 2887 707 2950 nisi
728 2891 853 2950 tentato
874 2885 1002 2950 nesciit.

228 2985 319 3066 Quid
340 2987 442 3052 refert
464 2996 621 3074 quantum
635 2987 783 3053 habeas?
804 2986 907 3053 multo
930 2985 1013 3052 illud
1027 2985 1100 3074 plus
1117 2994 1177 3069 est,
1200 2984 1289 3072 quod

749 3111 815 3155 non
836 3088 949 3155 habes.

230 3189 298 3272 Qui
313 3200 447 3279 propter
461 3192 618 3280 pecuniae
633 3190 687 3257 vel
700 3190 849 3276 libidinis
864 3211 1006 3255 amorem
1022 3191 1169 3272 moritur,
1182 3198 1288 3256 osten·

631 3294 682 3359 dit
709 3313 744 3357 se
766 3315 943 3381 numquam
965 3292 1017 3358 sui
1039 3313 1138 3358 causa
1152 3291 1288 3357 vixisse.

147 3413 344 3426 Ἢ

227 3503 286 3564 296
309 3505 589 3579 P.Sen.epist·03,
608 3504 645 3563 16
731 3504 791 3563 297
814 3507 868 3562 Pn.
946 3504 1007 3562 298
1032 3504 1081 3562 Go.
1098 3502 1289 3576 (Principium

148 3589 292 3663 saevitiae)
308 3590 371 3648 Sen.
388 3590 421 3647 de
437 3590 514 3646 clem.
533 3592 562 3662 1,
579 3589 609 3662 5,
626 3590 644 3646 2
732 3590 792 3648 299
816 3591 850 3646 F.
933 3587 996 3648 300
1012 3588 1060 3648 ‚Gr
1076 3588 1104 3645 2.
1122 3588 1197 3646 (iaec.
1213 3588 1287 3644 balb.

147 3670 216 3731 lion.
232 3674 287 3748 16,
303 3676 333 3748 6,
348 3693 393 3750 pg.
413 3674 463 3746 25,
480 3674 541 3731 coll.
558 3675 591 3731 de
607 3692 674 3731 mor.
692 3673 732 3733 51
833 3674 905 3734 301.
929 3673 990 3732 302
1015 3674 1065 3731 Go.
1082 3672 1145 3730 Seu.
1161 3673 1287 3730 dealem.

149 3756 275 3832 1,14,3
354 3761 414 3818 303
438 3760 568 3834 Scaliger.
591 3760 668 3816 Gaec.
685 3758 759 3816 Ralb.
777 3759 849 3815 Mon.
867 3756 918 3831 12,
934 3759 965 3832 3,
980 3777 1026 3834 pg.
1044 3758 1083 3816 23
1156 3757 1219 3817 304
1240 3759 1289 3815 Ps.

37 3879 38 3884 1
147 3840 183 3896 Cf.
198 3860 279 3918 supra
294 3862 340 3920 pg.
358 3846 414 3916 90,
431 3845 450 3903 3
538 3843 599 3903 305
622 3845 675 3902 Bo.
692 3842 730 3899 Er
744 3843 889 3918 proverbio
909 3861 1007 3920 graeco
1024 3861 1067 3920 ap.
1083 3842 1186 3901 Erasm.
1203 3843 1287 3918 Adeg.

147 3925 175 3998 2,
192 3929 220 4000 6,
236 3926 277 3987 40
384 3930 445 3989 306
464 3930 501 4008 ἱ0.
516 3930 580 3992 Sen.
597 3932 678 4006 epist.
695 3930 731 4003 9,
749 3929 776 3986 6.
798 3929 910 3986 Martial.
927 3930 1013 4005 epigr.
1031 3931 1060 4005 6,
1077 3930 1128 4003 11,
1146 3929 1185 3988 10

37 4039 39 4054 ›
148 4010 203 4069 307
227 4015 281 4070 Bo.
298 4013 426 4072 Erasmus
443 4015 528 4091 Adeg.
548 4014 582 4088 1,
598 4015 634 4090 2,
650 4015 668 4073 5
685 4032 717 4072 ex
732 4015 897 4090 Hieronymo
916 4015 948 4072 ad
965 4014 1062 4072 Ocean.
1149 4014 1209 4072 308
1233 4015 1286 4084 Pn,

148 4098 180 4154 R.
196 4096 233 4154 Cl'.
250 4116 332 4174 supra
352 4118 399 4175 pg.
419 4101 495 4174 100,
512 4101 552 4160 66
645 4101 705 4159 309
727 4102 777 4158 Ps.
795 4101 861 4158 Sea.
878 4100 911 4156 de
931 4101 970 4156 ira
986 4100 1022 4173 2,
1038 4099 1095 4171 34,
1110 4099 1139 4156 4.
1157 4098 1192 4155 cs.
1209 4098 1287 4155 Herc.

149 4181 296 4242 run1267
370 4186 433 4244 310
455 4188 490 4242 P.
508 4187 542 4243 0e
557 4203 627 4243 mor.
646 4185 704 4243 116
783 4185 843 4243 311
869 4184 1138 4243 Gesandeclem.
1159 4182 1288 4256 1,13,2

227 4269 287 4327 312
311 4271 365 4326 Ρη.
383 4271 418 4328 06
439 4288 509 4332 mor.
524 4270 564 4328 47
581 4271 644 4329 coll.
660 4271 723 4329 San.
740 4270 773 4326 dc
790 4268 879 4327 benef.
896 4269 931 4343 3,
949 4270 987 4327 15
1075 4269 1135 4326 313
1160 4269 1210 4326 Go.
1227 4268 1289 4324 Sen.

146 4350 266 4412 declam.
285 4356 314 4427 1,
331 4355 416 4429 26,1
505 4355 567 4414 314
591 4358 640 4415 Gc.
658 4357 719 4413 Scn'.
736 4355 769 4413 de
786 4354 863 4412 clem.
882 4357 910 4427 1,
928 4353 991 4425 2,2
1073 4353 1134 4411 315
1157 4355 1205 4410 Po.
1222 4353 1286 4411 Seu.
1336 4417 1338 4422 ,
1404 4443 1409 4450 ¹

147 4436 177 4494 de
192 4438 297 4514 provid.
313 4434 344 4513 4,
361 4441 378 4500 3
396 4445 560 4515 temptando
642 4441 703 4500 316
726 4443 761 4498 F.
779 4441 841 4498 Son.
859 4458 902 4516 ap.
919 4439 1034 4497 Gellium
1052 4437 1102 4514 12,
1119 4437 1148 4510 2,
1167 4439 1203 4496 13

38 4601 39 4604 ¹
148 4521 204 4581 317
228 4527 276 4584 Gc.
293 4526 330 4583 96
345 4544 415 4583 mor.
432 4526 491 4584 119

1053 4625 1145 4674 9*.
