3252 5180
306 412 348 476 26
737 425 1012 474 100000οΟ0001.
1344 389 1358 420 ‘

307 580 493 662 ediderunt,
524 601 604 668 qnos
633 577 714 643 duos
742 587 871 665 praeter
892 577 1080 643 Fabricium
1106 579 1272 656 nominavi
1295 577 1448 663 editores,

307 683 512 747 Henricus
536 679 764 767 Stephanus
787 681 882 744 annis
907 680 989 746 1564
1011 688 1043 743 01
1068 679 1160 761 1569,
1183 679 1218 743 10
1239 678 1447 764 Fragmentis

305 794 473 872 poetarum
501 792 648 849 veterum
676 780 851 847 latinorum
879 782 944 845 iam
965 803 985 845 a
1006 781 1150 846 Robcrto
1175 789 1267 866 patre
1289 781 1448 865 collectis,

305 888 357 953 vir
379 886 481 951 sobrii
504 884 630 968 iudicii,
654 884 774 970 quippe
797 885 852 970 qui
874 885 1044 970 perpaucis
1066 882 1211 968 exceptis
1226 886 1448 970 acquiesceret

306 990 341 1052 in
363 987 535 1052 sententiis
557 985 599 1050 ab
621 985 759 1049 Erasmo
781 984 959 1069 evulgatis,
989 994 1021 1049 et
1048 982 1283 1050 Theodorus
1313 987 1471 1052 Zwin-'

306 1110 427 1173 gerus
450 1085 651 1168 00001515,
675 1086 732 1172 qui
753 1107 828 1172 pag.
845 1087 886 1151 62
908 1094 1020 1173 aperte
1041 1085 1209 1173 professus
1232 1100 1282 1152 est
1304 1090 1446 1154 ‘minimo

305 1191 425 1272 0090110
447 1189 565 1254 ostendi
580 1207 672 1271 posse
692 1189 774 1252 inter
791 1187 966 1253 Publicanos
986 1207 1093 1254 versos
1107 1209 1171 1254 000
1187 1209 1308 1271 paucos
1321 1192 1447 1272 spartos

305 1292 459 1374 reperiri’,
472 1289 589 1377 quibus
601 1288 712 1354 verbis
723 1287 955 1356 Panthaleonis
971 1289 1147 1354 editionem
1159 1289 1291 1356 videtur
1305 1300 1446 1356 notasse.

306 1393 472 1477 Zwingeri
505 1414 604 1479 opus,
638 1391 779 1456 ‘Morum
807 1389 1013 1478 philosophia
1045 1393 1187 1477 poetica,
1225 1414 1267 1456 ex
1299 1401 1447 1458 veterum

305 1495 474 1580 utriusque
501 1493 632 1578 linguae
658 1500 827 1578 poetarum
854 1491 1015 1558 thesauris
1038 1492 1166 1558 XVIII.
1189 1492 1282 1557 libris
1305 1494 1447 1559 deducta

305 1593 405 1660 Basil.
423 1594 524 1688 ‘1575’
547 1616 701 1679 magnum
722 1591 876 1658 volumen
898 1603 956 1675 est,
980 1593 1066 1681 quod
1088 1594 1131 1658 ad
1151 1595 1230 1660 1621
1253 1596 1445 1683 paginarum

197 1729 199 1734 .
305 1697 463 1763 ambitum
484 1695 638 1780 accrevit,
661 1717 723 1759 nec
743 1703 864 1778 tamen,
887 1704 1043 1782 quantum
1062 1697 1144 1779 vidi,
1167 1696 1250 1762 aliae
1266 1697 1446 1762 sententiae

306 1799 512 1863 continentur
541 1798 605 1862 nisi
635 1795 856 1862 Erasmianae.
900 1796 1080 1860 Nonnullas
1115 1795 1220 1862 editor
1252 1799 1445 1864 coniecturis

306 1900 478 1964 emendare
493 1908 631 1979 0000100Ι
643 1907 701 1980 001,
724 1919 777 1961 ex.
792 1919 841 1982 gr.
857 1921 889 1961 v.
908 1898 966 1963 187
980 1899 1134 1979 seminata
1148 1904 1317 1978 mutarum,
1335 1923 1367 1963 r.
1383 1901 1444 1964 321

306 2003 401 2066 600001
421 2006 455 2067 ut
474 2003 543 2080 stet,
568 2023 660 2087 quas,
684 2021 757 2064 cum
779 2000 845 2063 sint
866 1997 987 2063 nullius
1009 2001 1123 2085 pretii,
1146 2001 1182 2065 in
1202 2011 1361 2088 apparatu
1383 2003 1443 2066 cri-

306 2104 371 2167 tico
392 2102 582 2190 plerumque
604 2101 734 2174 silentio
756 2101 1043 2186 praetermisimus.

389 2205 442 2269 De
469 2203 670 2289 Dionysio
700 2200 934 2267 Godofredo
962 2224 1074 2288 pauca
1089 2203 1268 2269 sufficient:
1300 2227 1375 2268 nam
1397 2207 1445 2269 in-

305 2306 389 2371 iuria
410 2307 496 2370 inter
517 2303 653 2370 Publilii
675 2302 816 2386 editores
838 2302 987 2367 refertur.
1031 2305 1065 2369 Is
1089 2307 1185 2387 enim,
1209 2327 1282 2369 cum
1306 2305 1446 2372 Senecae

197 2441 199 2447 v
306 2406 490 2494 philosophi
513 2427 612 2492 opera
634 2427 717 2493 quae
739 2414 853 2470 extant
870 2406 978 2469 omnia
992 2428 1051 2470 sex
1066 2405 1287 2472 voluminibus
1303 2406 1446 2471 Basiliae

308 2509 390 2574 1590
412 2507 580 2589 edidisset,
602 2507 637 2571 in
660 2505 724 2571 vol.
747 2505 808 2571 VI.
831 2515 975 2571 extremo
997 2529 1052 2592 pg.
1069 2507 1236 2572 273-287
1260 2508 1446 2573 εΡο0000510

290 2610 449 2676 ‘Senecae'
481 2608 617 2691 adiecit,
645 2631 686 2673 ne
715 2607 796 2696 quid
823 2606 1079 2691 desideraretur,
1107 2608 1160 2673 vel
1188 2609 1277 2696 quod
1303 2611 1446 2674 incertae

305 2711 509 2796 auctoritatis
536 2718 631 2774 esset.
674 2705 727 2774 Ita
754 2709 877 2775 factum
905 2717 971 2791 cst,
1000 2719 1037 2774 ut
1065 2713 1241 2776 sententias
1263 2711 1445 2797 pedestres,

307 2835 389 2899 quae
410 2812 444 2875 in
467 2811 608 2876 editione
629 2820 740 2876 nostra
761 2809 881 2876 litteris
903 2810 1068 2878 inclinatis
1087 2832 1262 2899 expressae
1277 2823 1363 2902 sunt,
1386 2835 1446 2877 nec

306 2914 423 2982 iambis
446 2911 623 2994 clauderet,
646 2933 706 2975 nec
720 2911 868 2994 selectas,
891 2913 950 2976 sed
972 2915 1142 2978 universas
1158 2915 1326 3000 reciperet,
1340 2924 1447 3000 prout
1546 2959 1551 2966 -

307 3039 360 3080 eas
387 3017 422 3080 in
450 3014 617 3106 codicibus
645 3012 910 3100 editionibusquc
938 3016 1076 3080 vetustis
1099 3026 1276 3102 repererat,
1305 3015 1446 3101 denique

306 3141 346 3182 ne
368 3116 580 3204 interpolatas
608 3115 741 3202 quidem
763 3137 805 3180 ex
827 3115 969 3182 Senecae
991 3115 1031 3180 de
1053 3115 1225 3182 clementia
1247 3116 1339 3182 libris
1362 3119 1445 3204 peti-

306 3230 357 3286 tas
379 3239 524 3283 resecare
546 3217 690 3283 auderet.
1299 3239 1301 3244 ·

392 3321 475 3384 Cum
498 3317 681 3405 Stephanus
704 3327 737 3382 et
758 3319 952 3404 Zwingerus
974 3320 1009 3384 in
1031 3321 1118 3385 viam
1139 3329 1261 3384 rectam
1283 3322 1324 3384 ab
1347 3322 1445 3386 11000-
1481 3377 1484 3380 ,

307 3446 358 3488 mo
386 3428 615 3502 monstratam,
643 3441 663 3483 a
690 3443 754 3506 qua
775 3420 975 3487 Panthaleon
1002 3421 1201 3506 decesserat,
1229 3423 1446 3506 reflexissent,

308 3547 382 3588 ecce
410 3522 471 3587 sub
499 3521 596 3585 finem
620 3515 741 3587 saeculi
764 3521 858 3587 XVI.
888 3523 1036 3588 Petrus
1059 3523 1253 3591 Pithoeus
1285 3523 1446 3590 6000010

307 3635 451 3690 veterem
483 3645 626 3690 errorem
658 3621 802 3710 relapsus
836 3633 896 3690 est.
941 3625 1032 3690 Sicut
1063 3636 1189 3691 autem‘
1202 3625 1446 3712 aegrotantibus

307 3726 408 3791 febris
435 3725 582 3788 recidiva
608 3726 742 3809 gravius
769 3737 881 3808 nocet,
909 3727 955 3792 ita
976 3726 1105 3792 Pithoei
1133 3726 1317 3815 exemplum
1338 3735 1446 3813 postc-

307 3826 447 3892 rioribus
471 3825 649 3891 editoribus
672 3835 797 3893 tantum
820 3827 970 3914 caliginis
986 3828 1112 3911 offudit,
1135 3838 1288 3914 utusque
1303 3827 1345 3891 ad
1361 3829 1447 3893 hunc
1477 3885 1479 3892 ,

308 3930 395 3993 diem
422 3929 564 4014 vestigia
590 3929 739 3993 veritatis
768 3928 914 4015 relegere
939 3932 1058 3994 nemini
1088 3932 1271 4015 contigerit.
1316 3929 1448 3995 Scilicet

308 4053 345 4096 eo
373 4030 515 4094 maxime
542 4030 698 4117 imposuit
719 4029 875 4098 Pithoeus
902 4030 1091 4118 philologis,
1121 4031 1208 4118 quod
1235 4031 1445 4119 Epigram-

308 4142 411 4199 mata
445 4141 482 4196 et
510 4123 709 4218 poematia
742 4142 879 4198 vetera
906 4134 1042 4199 Parisiis
1072 4156 1211 4203 excussa
1237 4156 1257 4198 a
1283 4134 1447 4221 Dionysio

308 4234 464 4300 Duvallio
486 4233 670 4298 00001590
690 4232 843 4321 pleraque
866 4257 908 4300 ex
929 4236 1072 4321 antiquis
1088 4233 1255 4300 codicibus
1277 4257 1363 4300 nunc
1382 4238 1446 4322 pri-

309 4359 413 4419 mum,
441 4335 510 4421 alia,
532 4335 754 4400 emendatiora
775 4358 811 4400 se
833 4335 976 4402 edidisse
998 4339 1033 4401 in
1056 4337 1163 4421 fronte
1184 4336 1260 4401 libri
1282 4336 1446 4422 professus

309 4446 368 4519 est,
390 4459 456 4502 non
476 4446 676 4523 arroganter,
699 4437 728 4502 si
742 4436 962 4523 anthologiam
975 4438 1011 4503 in
1026 4439 1212 4504 universum
1229 4439 1445 4524 spectaveris:
