3252 5180
361 335 404 400 34
641 377 655 396 ,
792 346 1063 397 rnonneonnun.

360 611 458 694 IIII.
515 610 622 713 Quae
658 605 870 693 sententiae
907 606 1079 692 Publilio
1120 606 1197 691 sint
1234 605 1520 710 vindicandae,

621 771 721 854 quae
756 745 998 827 damnandae
1034 742 1245 852 quaeritur.

446 943 639 1008 Praemissis
668 964 751 1028 quae
773 941 814 1006 de
836 940 979 1006 Publilio
1003 942 1137 1028 eiusque
1159 943 1394 1006 sententiarum
1417 945 1522 1008 codi-

362 1047 455 1112 cibus
478 1055 510 1110 et
533 1044 731 1109 editionibus
753 1065 885 1108 monere
907 1045 1021 1129 ntique
1043 1064 1175 1108 neccsse
1198 1053 1283 1127 erat,
1311 1045 1521 1111 accedamus

361 1151 427 1213 iam
456 1147 499 1212 ad
525 1147 747 1234 quaestionem
774 1145 1018 1230 gravissimam,
1047 1166 1130 1230 quae
1152 1165 1210 1231 per
1230 1155 1279 1210 tot
1301 1145 1521 1211 saeculorum

361 1252 534 1315 decursum
560 1246 806 1335 philologorum
830 1247 964 1331 ingenia
985 1269 1049 1311 non
1072 1247 1218 1310 exercuit
1240 1246 1360 1331 solum,
1389 1249 1452 1311 sed
1479 1251 1520 1312 in

361 1363 428 1418 tam
451 1351 599 1416 diversas
622 1349 767 1434 abripuit
794 1351 990 1432 sententias,
1017 1359 1054 1413 nt
1076 1349 1173 1413 hodie
1195 1371 1254 1413 nos
1277 1372 1296 1414 a
1319 1350 1520 1434 cognitione

361 1455 433 1518 veri
460 1451 589 1536 longius
617 1450 732 1514 abesse
760 1449 931 1514 fatendum
958 1452 1001 1514 sit
1030 1472 1126 1536 quam
1151 1472 1236 1515 anno
1261 1451 1343 1516 1514
1364 1450 1515 1514 Deside-

310 1625 314 1632 .
361 1553 608 1620 rius'Erasmus
637 1551 753 1615 fuerat.
799 1551 931 1637 Siquis
959 1562 1068 1616 autern
1090 1554 1199 1616 missis
1222 1552 1422 1617 editionibus
1448 1553 1516 1617 soli

362 1658 521 1720 innitetur
551 1654 700 1718 codicum
727 1652 913 1716 auctoritati
933 1675 1039 1740 neque
1062 1676 1097 1717 se
1120 1653 1283 1718 erroribus
1304 1654 1346 1718 ab
1369 1653 1515 1719 homini-

362 1758 423 1823 bus
447 1757 551 1821 doctis
574 1756 715 1818 invectis
739 1756 901 1841 corrumpi
924 1757 1084 1841 patietur,
1107 1753 1196 1820 haud
1218 1757 1265 1820 ita
1286 1754 1423 1819 difficile
1448 1759 1514 1820 erit

362 1859 585 1945 quaestionem
607 1854 704 1942 paulo
725 1855 967 1940 impeditiorem
989 1859 1024 1920 in
1047 1879 1120 1922 suas
1143 1867 1252 1943 partes
1274 1854 1457 1921 dissolvere
1472 1880 1513 1920 ac

362 1958 492 2045 singula
513 1967 676 2023 momenta
698 1955 802 2020 libero
825 1954 946 2021 iudicio
968 1957 1159 2045 ponderare.

448 2063 481 2145 1)
506 2059 683 2125 Videamus
706 2060 846 2143 primurn
870 2057 917 2121 de
939 2061 1160 2124 sententiis
1182 2062 1216 2123 in
1236 2060 1379 2125 editione
1394 2071 1509 2125 nostra

362 2162 578 2227 inclinatis
608 2159 765 2224 litteris
795 2162 1021 2243 expressis,
1056 2183 1191 2247 quarum
1220 2163 1325 2248 prima
1353 2172 1404 2227 est
1433 2173 1507 2249 post

363 2288 396 2328 v.
419 2264 482 2328 386

536 2387 677 2446 Nondum
698 2385 767 2456 felic
789 2401 832 2452 ec,
854 2387 880 2442 si
901 2387 1032 2445 neminen
1054 2393 1080 2446 tc
1101 2389 1188 2447 turbu
1210 2390 1325 2448 (irridet.

365 2537 429 2600 Eas
460 2556 655 2621 quamquam
685 2553 727 2595 ne
760 2531 867 2596 obiter
901 2533 1032 2617 quidem
1065 2533 1185 2620 legenti
1216 2534 1313 2619 longe
1339 2557 1359 2598 a
1386 2535 1499 2598 ceteris

363 2638 485 2702 distare
513 2636 687 2699 obscurum
716 2654 786 2697 esse
814 2643 938 2719 potest,
974 2634 1135 2700 editorum
1162 2646 1271 2701 tamen
1299 2636 1499 2720 neglegentia

362 2741 572 2819 factumest,
602 2746 638 2800 ut
665 2733 896 2819 haud'paucae
920 2737 1096 2802 etiamnum
1120 2761 1178 2825 pro
1205 2736 1397 2802 Publilianis
1423 2759 1496 2800 ven-

362 2842 516 2907 ditentur.
561 2838 722 2903 Nimirum
743 2855 810 2898 non
831 2858 941 2900 omnes
964 2837 1037 2902 illas
1060 2839 1103 2902 ad
1124 2839 1223 2904 fidem
1244 2840 1389 2905 codicum
1404 2839 1493 2901 eden-

360 2943 422 3007 das
445 2949 659 3023 curaverunt,
683 2938 741 3002 sed
764 2935 900 3002 selectas
922 2949 1064 3022 tanturn,
1089 2963 1172 3027 quae
1194 2941 1310 3005 iambis
1332 2940 1422 3004 facile
1443 2939 1492 3002 vel

361 3044 522 3109 trochaeis
544 3039 782 3105 accommodari
796 3050 939 3124 possent,
956 3042 1152 3124 emendatas,
1172 3052 1207 3106 ut
1222 3043 1302 3129 ipsis
1318 3041 1488 3120 videbatur,

362 3145 508 3232 probatis
537 3143 687 3208 versibus
713 3147 929 3209 inseruerunt.
974 3145 1057 3208 Cum
1078 3154 1187 3207 autern
1209 3143 1390 3231 plerumque
1409 3153 1486 3206 tace-

363 3257 446 3329 rent,
469 3245 550 3333 quid
572 3245 758 3311 omisissent
778 3243 1026 3312 addidissentve
1041 3256 1260 3332 quantumque
1275 3245 1378 3309 verbis
1392 3253 1496 3307 trans:

363 3350 480 3438 positis
504 3346 558 3412 vel
580 3349 733 3412 correctis
748 3372 768 3413 a
783 3350 941 3415 librorum
961 3349 1154 3413 auctoritate
1176 3349 1340 3428 abiissent,
1361 3345 1481 3428 contigit

364 3473 460 3532 sane,
492 3459 529 3514 ut
556 3471 591 3514 se
618 3450 760 3515 invicem
792 3451 873 3515 alter
903 3449 1040 3515 alterum
1072 3449 1272 3536 aliquamdiu
1304 3448 1477 3534 deciperent,

363 3552 459 3618 simul
481 3573 591 3614 ornnes
613 3550 793 3636 legentium
815 3551 916 3618 oculis
936 3551 1113 3638 plurimum
1126 3549 1275 3635 caliginis
1291 3548 1475 3615 offunderent.

364 3654 430 3719 Sed
457 3654 616 3716 maximas
645 3655 758 3719 turbas
782 3654 863 3718 illud
887 3654 1060 3736 excitavit,
1090 3653 1177 3738 quod
1200 3653 1411 3717 sententiarum
1429 3671 1472 3712 or·

364 3755 451 3837 dine,
476 3775 570 3841 quem
593 3755 721 3821 codices
744 3757 977 3843 sequuntrn·*),
1001 3753 1096 3841 plane
1117 3757 1248 3820 inverso
1270 3765 1394 3820 nostrum
1413 3773 1468 3813 rno-

365 3881 433 3922 rem
462 3857 565 3920 secuti
594 3859 847 3941 coniunxerunt,
882 3879 963 3944 quac
990 3878 1010 3919 a
1037 3855 1155 3921 litteris
1185 3859 1251 3940 Na,
1280 3858 1336 3938 Nc,
1359 3854 1394 3917 Ni
1414 3861 1464 3914 etc.
1562 3849 1563 3854 ’

365 3958 536 4046 incipiunt,
560 3981 665 4044 neque
687 3960 722 4024 id
744 3960 779 4023 in
801 3962 842 4024 iis
863 3969 990 4024 tantum
1013 3958 1077 4023 sibi
1100 3969 1303 4044 sumpserunt
1315 3953 1461 4032 sententiis,

365 4061 406 4126 de
437 4061 554 4149 quibus
583 4082 671 4124 nunc
696 4062 806 4145 agitur
833 4083 977 4147 quasque
1003 4083 1079 4125 mox
1101 4061 1285 4125 videbimus
1305 4055 1459 4123 subditicias

366 4219 567 4228 ——--.--—..-.-

433 4303 460 4369 *)
480 4303 596 4354 Constat
615 4319 648 4353 ex
660 4306 744 4355 Festo
763 4303 881 4368 aliisque
900 4306 1010 4354 veteres
1029 4303 1056 4352 in
1074 4303 1218 4353 vocabulis
1237 4304 1271 4353 ad
1285 4301 1402 4351 litterarum
1418 4309 1450 4342 or·

366 4387 455 4437 dinem
475 4389 633 4452 digerendis
652 4390 754 4453 primae
774 4393 878 4438 tantum
899 4389 1008 4438 litterae
1027 4391 1159 4438 rationem
1179 4388 1305 4437 habuisse.
1353 4428 1356 4437 .
