3252 5180
300 405 319 467 8
736 414 1010 464 PROLEGOMENA.

299 571 342 636 ad
369 569 480 636 nostia
506 579 652 656 tempora
679 577 892 657 propagatam
916 590 1003 650 csse,
1036 569 1129 655 quasi
1152 591 1261 634 omnes
1285 569 1375 632 mimi
1398 569 1443 632 ita

300 672 423 736 fuerint
450 671 637 758 compositi,
667 679 703 735 ut
729 670 771 735 ab
799 693 863 736 uno
892 679 1076 754 agerentur.
1121 669 1171 733 Ne
1192 679 1302 734 tamen
1324 691 1446 754 arguar·

300 796 369 840 rem
397 774 431 837 in
459 775 562 837 maius
591 772 741 854 auxisse,
769 771 954 836 adscribam
983 793 1065 858 quac
1089 771 1241 855 leguntur
1262 773 1297 834 in
1320 770 1403 836 libro
1424 793 1444 834 a

302 874 423 940 Guhlio
447 884 479 938 et
493 875 624 939 Konero
648 873 746 954 edito,
771 874 829 938 das
844 873 958 938 Leben
975 872 1033 936 der
1050 871 1214 938 Griechen
1229 873 1297 936 und
1312 873 1443 954 Romen,

302 1000 356 1065 pg.
373 977 435 1041 704
450 975 500 1040 ed.
517 997 584 1040 sec.
629 975 685 1042 ‘Ira
707 977 792 1040 cirter
806 975 1084 1041 Harlehinstracht
1104 976 1209 1057 spiclte
1231 976 1286 1039 der
1304 977 1362 1039 mit
1376 977 1445 1039 dem

301 1085 401 1144 ersten
417 1078 602 1158 Rolleafaeh
617 1078 755 1144 betraate
776 1079 982 1144 archimimus
996 1099 1052 1142 oor
1066 1078 1152 1142 einer
1168 1075 1320 1154 Gurdine,
1336 1077 1445 1140 welche

302 1182 351 1245 die
372 1181 498 1245 vordero
511 1179 627 1244 Brthae
648 1200 708 1244 corr
730 1180 785 1244 der
806 1181 947 1244 historeo
970 1183 1097 1244 treanta
1141 1177 1236 1248 Attea
1256 1178 1388 1260 dbrtpaa
1409 1180 1445 1242 ta

303 1283 357 1346 der
386 1280 482 1346 Posse
508 1281 724 1360 austretardra
752 1279 911 1345 Personae
937 1301 1045 1346 wareo
1072 1301 1136 1344 ratur
1158 1278 1365 1344 Nebcarollen
1391 1298 1444 1343 aa·

300 1384 449 1465 pewiesen
469 1383 537 1448 aad
556 1383 767 1448 secandicrten
794 1384 838 1447 sie
860 1384 918 1447 das
940 1381 1026 1465 Sptel
1047 1384 1099 1446 des
1121 1380 1357 1463 Houptactears
1379 1402 1442 1444 aar

303 1485 401 1549 drach
430 1485 642 1567 yekpeatliche
672 1483 868 1562 Aatwortca,
902 1485 994 1548 sowa'c
1023 1484 1120 1548 durch
1150 1481 1443 1559 Gestteulotr'ooeu',

304 1586 356 1649 cui
379 1586 558 1650 sententiae
581 1607 651 1650 cum
667 1584 732 1649 alia
746 1585 961 1670 refragantur,
985 1594 1055 1650 tum
1071 1584 1241 1670 inscriptio
1256 1583 1344 1668 apud
1360 1581 1443 1647 Gru-

304 1698 410 1753 terum
432 1685 496 1751 vol.
512 1686 576 1751 III.
601 1686 642 1751 N.
660 1687 751 1770 1089,
775 1709 857 1773 quae
880 1688 1053 1771 sexaginta
1075 1687 1190 1750 mimos
1214 1686 1285 1749 sive
1299 1685 1444 1749 adlectos

304 1791 339 1854 in
361 1788 515 1853 honorem
538 1786 709 1874 Eutychac
731 1788 929 1870 archimimi,
954 1790 975 1852 i.
999 1810 1026 1852 e.
1050 1788 1208 1874 principis
1231 1787 1356 1871 gregis,
1380 1807 1462 1849 mo-,

304 1900 493 1954 numentum
515 1889 668 1954 statuisse
689 1897 837 1954 testatur.
883 1889 935 1954 Of.
952 1891 1050 1953 etiam
1072 1888 1186 1974 Pauly,
1210 1887 1444 1972 Real-Encyel.
1497 1921 1501 1926 ·

287 1989 347 2074 ›V,
371 1991 507 2074 36.·37;
532 1990 658 2076 Grysar
679 1988 701 2054 l.
724 1988 745 2053 l.
769 2013 823 2076 pg.
846 1991 899 2055 25.
922 1991 974 2054 26.
998 1991 1049 2056 35.
1137 1987 1141 1992 ⁵

389 2091 490 2156 Mimo
512 2089 613 2156 semel
632 2092 667 2154 in
681 2113 833 2156 scaenam
848 2100 977 2178 recepto
993 2090 1150 2177 paulatim
1164 2091 1207 2154 ad
1222 2089 1355 2156 altiores
1372 2112 1443 2176 pcr-

305 2195 456 2260 lectionis
489 2193 609 2278 gradus
643 2203 836 2284 perventum
869 2215 940 2258 esse
969 2192 1174 2257 crediderim.
1219 2194 1304 2257 Nam
1318 2174 1324 2194 ⁸
1332 2192 1446 2279 primo,

306 2319 380 2360 cum
401 2296 518 2360 mimus
535 2303 621 2360 esset
635 2315 785 2360 acroama
799 2294 842 2359 ab
857 2319 921 2361 uno
936 2293 1044 2382 aliquo
1061 2295 1218 2360 histrione
1234 2294 1358 2359 editum
1374 2295 1444 2358 sive

307 2396 536 2462 saltatiuncula
569 2395 625 2480 (cl.
656 2395 774 2461 Festus
803 2422 835 2484 p.
858 2397 921 2462 326
950 2396 1001 2461 ed.
1025 2395 1207 2482 Muelleri),
1241 2396 1276 2460 in
1304 2405 1449 2460 extrema

307 2519 442 2562 scaenae
464 2520 521 2563 ora
541 2497 700 2583 agebatur
721 2508 796 2563 ante
822 2498 987 2563 aulaeum:
1011 2508 1095 2585 post,
1120 2519 1192 2561 curn
1214 2497 1391 2590 mimi-iam
1406 2496 1449 2560 ad

307 2599 486 2685 legitimam
508 2598 691 2664 fabularum
713 2599 850 2664 formam
872 2601 1086 2665 accessissent
1109 2609 1141 2664 et
1163 2620 1375 2684 personarum
1389 2621 1447 2662 nu-

308 2722 396 2766 mero
424 2700 551 2765 indies
580 2710 745 2765 crescente
773 2701 931 2789 ampliore
960 2703 1066 2790 spatio
1089 2723 1170 2788 opus
1194 2710 1297 2784 esset,
1327 2722 1449 2765 novum

307 2802 374 2868 veli
396 2825 510 2890 genuS,
534 2802 622 2889 quod
645 2803 804 2889 siparium
825 2804 998 2887 vocabant,
1022 2804 1148 2868 mediae
1171 2823 1306 2868 scaenae
1328 2802 1375 2865 ita
1391 2803 1447 2868 ob·

309 2905 442 2970 ductum
465 2913 529 2986 est,
552 2913 588 2968 ut
609 2905 644 2969 in
667 2906 826 2969 exteriore
849 2908 921 2970 sive
942 2907 1051 2970 antica
1072 2915 1165 2993 parte
1186 2904 1369 2991 proscaenii
1390 2904 1448 2967 mi-

309 3007 384 3072 mici
401 3006 575 3071 histriones
591 3015 809 3092 spectatorum
827 3006 957 3075 turbam
974 3007 1184 3088 oblectarent,
1206 3015 1280 3092 post
1294 3006 1450 3092 siparium
1464 3049 1466 3056 -

309 3117 418 3173 autem
446 3106 560 3172 eodem
588 3105 754 3194 tempore?
779 3129 860 3194 quae
889 3108 932 3172 ad
959 3110 1078 3174 iustam
1103 3106 1246 3172 fabulam
1269 3108 1450 3172 scaenicam

309 3209 494 3274 necessaria
522 3218 629 3290 crant,
658 3218 859 3295 pararentur.
905 3208 977 3275 Hoc
1005 3209 1134 3297 quando
1163 3210 1302 3296 primum
1327 3208 1450 3273 factum

311 3312 354 3377 sit
382 3311 497 3398 quisve
524 3310 623 3376 fuerit
645 3311 758 3398 siparii
781 3313 947 3392 inventor,
976 3333 1069 3376 nemo
1092 3320 1240 3375 veterum
1261 3311 1451 3375 nominatim

310 3411 466 3499 prodidit,
490 3412 545 3498 (cf.
568 3411 637 3477 Cic.
661 3412 702 3476 de
724 3435 816 3499 prov.
839 3412 961 3478 consul.
985 3418 1005 3495 ξ
1030 3413 1084 3495 14,
1108 3434 1190 3499 quae
1213 3412 1315 3477 oratio
1338 3411 1451 3476 habita

312 3523 362 3579 est
383 3535 467 3580 anno
489 3537 521 3577 u.
545 3535 572 3578 c.
596 3511 672 3602 698)
701 3535 760 3578 nec
782 3516 998 3580 recentiorum
1021 3515 1208 3601 quisquam,
1237 3512 1323 3600 quod
1351 3514 1451 3576 sciam

312 3616 498 3681 coniectura
524 3617 655 3702 assequi
683 3625 816 3682 conatus
845 3627 911 3682 est:
946 3616 1003 3681 sed
1032 3616 1072 3680 de
1101 3637 1218 3680 scaena
1245 3615 1287 3678 ad
1309 3614 1451 3700 agendos

312 3718 428 3781 mimos
450 3716 679 3804 amplificanda
700 3719 822 3804 optime
844 3718 1000 3783 meruisse
1022 3715 1200 3781 Publilium
1223 3715 1372 3803 equidem
1396 3739 1452 3802 pro

312 3827 476 3905 comperto
498 3819 612 3884 habeo.
657 3818 697 3883 Id
719 3821 826 3907 ipsum
847 3821 1032 3905 significare
1047 3817 1190 3883 voluisse
1204 3817 1347 3882 Plinium
1362 3827 1451 3904 put0,

312 3942 386 3986 cum
407 3939 537 3986 scaenae
558 3922 702 3986 mimicae
724 3923 910 3986 conditorem
932 3919 1126 4008 appellaret,
1154 3919 1305 4006 idemque
1328 3940 1452 3983 summo

313 4045 409 4109 opere
437 4005 555 4106 miror⁸,
583 4023 765 4110 Grysarum
786 4023 843 4098 ,his
873 4023 983 4087 verbis
1014 4023 1186 4108 deceptum
1208 4019 1369 4101 Publilio,
1397 4019 1451 4083 ho-

313 4125 394 4189 mini
422 4124 569 4211 privato,
598 4124 653 4210 qui
676 4145 781 4210 neque
808 4125 1004 4190 architectus
1032 4145 1138 4210 neque
1166 4122 1283 4210 amplis
1306 4124 1454 4188 fortunae

314 4226 502 4291 muneribus
526 4234 658 4291 ornatus
683 4235 781 4308 esset,
808 4225 945 4310 gloriam
967 4224 1087 4290 theatri
1109 4225 1234 4290 con'diti
1256 4224 1452 4305 vindicasse,

314 4329 375 4394 etsi
403 4330 544 4415 primum
565 4328 757 4414 Pompeium
785 4350 868 4406 anno
890 4327 932 4394 55
954 4350 983 4392 a.
1007 4327 1083 4393 Chr.
1113 4332 1313 4394 ‘transmeat
1339 4327 1453 4390 theatri

313 4432 414 4500 sedena
429 4431 587 4515 posuisse'
611 4429 691 4495 satis
714 4437 852 4497 testatur
874 4429 1006 4496 Tacitus
1029 4428 1071 4495 ab
1095 4450 1165 4494 exc.
1189 4431 1232 4496 D.
1248 4429 1289 4494 A.
1309 4427 1357 4510 14,
1373 4427 1426 4492 20.
