3228 5184
316 484 377 550 120
706 501 925 550 sauraurmn
948 503 1059 553 ransc

394 654 520 718 Auctor·
540 653 644 717 malus
667 653 720 717 vel
741 676 810 717 rem
834 654 951 719 bonam
972 665 1101 743 turpem
1123 657 1214 724 facit.

394 755 525 820 Audsct
511 763 561 820 ter
589 764 644 819 vet
646 776 761 820 eronus
790 777 938 821 cruorem
967 767 1135 846 expectat,
1163 760 1219 845 qui
1242 762 1305 826 scit
1326 785 1362 827 se
1384 787 1455 828 sae-

855 859 990 945 pissime
1011 860 1133 924 vicisse
1154 872 1229 947 post
1251 864 1454 948 sanguinem.

394 955 556 1022 Audendo
579 958 683 1023 virtus
707 960 834 1042 crescit,
857 959 1018 1025 tardando
1040 962 1147 1025 timor.

331 1064 373 1125 40
394 1058 520 1124 Audire
540 1058 635 1124 malis
657 1080 755 1145 quam
776 1058 865 1146 loqui
887 1058 1055 1126 libentius.

394 1160 530 1226 Auferri
553 1170 585 1225 et
606 1159 700 1244 illud,
723 1161 810 1246 quod
832 1161 904 1225 dari
926 1163 1043 1248 potuit,
1066 1172 1185 1250 potest.

395 1262 620 1328 Avidissimus
643 1262 781 1351 quisque
804 1271 853 1328 est
876 1264 1149 1349 egestosissimus.

394 1362 574 1450 A(vi)gilia
595 1374 671 1430 sunt
693 1363 838 1429 membra
861 1364 1060 1430 cursoribus.

394 1465 563 1530 Auloedus
585 1465 653 1549 fiat,
677 1466 732 1552 qui
755 1487 827 1529 esse
850 1466 1056 1531 citharoedus
1078 1470 1202 1555 nequit.

331 1572 372 1632 45
394 1568 485 1633 Auro
508 1566 665 1633 suadente
686 1566 733 1631 nil
755 1576 864 1654 potest
885 1569 998 1634 oratio.

394 1670 464 1734 Aut
485 1690 617 1733 necesse
640 1677 689 1734 est
711 1670 822 1756 ipsum
840 1678 874 1734 te
896 1669 996 1734 vilem
1017 1669 1138 1735 habeas
1160 1681 1218 1737 aut
1239 1675 1422 1761 pecuniam.

394 1770 485 1837 Bello
507 1771 648 1857 gladius,
672 1770 824 1859 voluptas
847 1793 927 1858 pace
949 1769 1111 1837 vulnerat.

394 1873 580 1938 Benefaetis
602 1874 750 1961 proxime
772 1872 815 1937 ad
837 1872 915 1938 deos
937 1873 1136 1939 accedimus,

394 1973 554 2039 Beneficii
575 1996 761 2061 numquam,
785 1976 850 2038 cito
873 1973 942 2039 dati
964 1973 1170 2042 obliviscere.

332 2083 373 2143 50
394 2076 595 2141 Beneficium
616 2075 765 2142 celeritas
787 2077 912 2162 gratius
934 2076 1025 2141 facit.

396 2177 597 2244 Beneficium
620 2180 731 2264 egenti
752 2177 804 2241 bis
828 2177 894 2261 dat,
918 2179 975 2264 qui
998 2177 1054 2245 dat
1077 2179 1237 2246 celeriter.

394 2280 594 2346 Beneficium
617 2288 667 2345 cst
688 2300 798 2344 carere
821 2301 870 2364 co,
893 2280 1018 2346 invitus
1041 2281 1128 2368 quod
1151 2284 1330 2370 possideas.

395 2381 593 2448 Beneficium
616 2390 667 2446 est
688 2403 815 2469 semper
836 2381 974 2446 reddere
995 2381 1152 2449 bonitatis
1174 2386 1286 2450 verba.

395 2486 480 2550 Boni
501 2505 606 2548 mores
630 2483 695 2548 sibi
717 2505 845 2570 semper
866 2484 1030 2571 placentes
1053 2496 1254 2574 permanent.

334 2593 373 2652 55
396 2587 497 2652 Bonis
519 2595 624 2668 nocet,
649 2586 796 2672 quisquis
819 2587 1000 2674 pepercerit
1022 2586 1128 2654 malis.

396 2690 488 2754 Bono
510 2687 655 2753 iustitiae
676 2688 827 2775 proxima
850 2698 900 2754 est
922 2689 1091 2754 severitas.

397 2791 561 2855 Bonorum
583 2789 668 2855 ultro
690 2789 733 2853 ad
756 2790 909 2854 convivia
930 2790 1090 2856 accedunt
1111 2792 1199 2856 boni.
1320 2793 1325 2800 '

397 2893 523 2957 Bonum
546 2899 595 2957 est
618 2891 744 2956 duabus
766 2891 893 2956 ancoris
917 2892 979 2957 niti
1002 2901 1116 2958 ratem.

398 2995 508 3059 Bonus
530 2995 657 3058 animus
679 2995 714 3057 in
736 2992 822 3057 mala
842 3015 878 3057 re
900 2991 1072 3059 dimidium
1095 3004 1146 3060 est
1167 2995 1254 3062 meli.

337 3104 378 3162 60
399 3097 509 3161 Bonus
533 3118 690 3161 essenon
713 3104 820 3183 potest
842 3095 916 3161 eliis
938 3095 1041 3160 malus
1066 3096 1141 3162 sibi.

400 3342 439 3400 37
464 3340 548 3398 Gr2.
566 3339 641 3401 llaec
657 3340 728 3397 Balb
745 3341 816 3398 Mon.
833 3340 884 3412 22,
902 3340 932 3412 5,
946 3360 993 3416 33.
1011 3340 1050 3398 27
1136 3341 1175 3399 38
1198 3341 1235 3399 R.
1251 3341 1312 3397 Seu.
1330 3341 1364 3398 de
1378 3360 1457 3416 prov

314 3427 345 3502 4,
362 3431 379 3486 7
460 3426 499 3486 39
521 3425 840 3484 Peducaeanum.
858 3426 997 3500 8,3,pg.
1015 3425 1054 3482 21
1133 3425 1175 3484 40
1198 3425 1281 3483 era.
1298 3426 1418 3484 Demos.
1437 3429 1455 3486 9

399 3512 438 3569 41
462 3512 525 3570 Seu.
547 3512 626 3587 epist.
645 3512 679 3584 8,
697 3511 736 3568 10
751 3510 813 3567 coll
831 3470 943 3584 59,18
1039 3509 1079 3566 42
1105 3510 1189 3568 Gr2.
1205 3509 1280 3568 (laec.
1296 3511 1368 3569 Balb.
1383 3512 1456 3569 llou.

316 3598 372 3672 12,
389 3599 406 3655 2
414 3617 485 3674 ,pp
504 3598 543 3656 23
635 3595 675 3654 43
699 3597 735 3654 R.
753 3598 865 3671 quiscr.
879 3555 1012 3670 llm'pilio.
1044 3595 1106 3652 Sea.
1124 3595 1300 3671 deprov.4,
1318 3596 1366 3653 13.

315 3682 356 3739 44
379 3642 432 3740 Bd.
448 3682 500 3739 Cic.
517 3700 567 3756 pro
583 3682 651 3738 Mur.
670 3681 725 3754 13,
742 3681 791 3738 29.
809 3679 920 3749 Quintil.
938 3681 973 3753 8,
990 3681 1025 3755 3,
1043 3681 1081 3738 79
1168 3680 1208 3738 45
1232 3682 1286 3738 Bo.
1299 3681 1457 3740 Exls'rasmi

315 3764 540 3842 Αι1ιι3.Χρυσοῦ
561 3763 720 3834 λαλοῦντος
740 3762 798 3834 πᾶς
818 3725 1004 3839 ἆπρακτείτω
1024 3758 1110 3840 λόγος
1209 3764 1249 3823 46
1274 3765 1358 3823 Gru.
1377 3766 1452 3824 Caco.

315 3851 386 3908 Balb.
404 3852 473 3908 llon.
488 3851 539 3925 48,
558 3852 607 3924 13,
623 3870 668 3926 pg.
686 3852 725 3909 35
812 3850 852 3908 47
876 3850 961 3908 Gr2.
977 3851 1052 3907 llaec.
1070 3850 1142 3907 Belb.
1161 3849 1230 3906 Mon.
1242 3848 1294 3923 40,
1307 3849 1337 3924 4,
1352 3870 1397 3926 pg.
1414 3853 1454 3910 33

401 3935 441 3996 48
464 3937 517 3994 Bo.
531 3897 570 3993 lle
585 3953 653 3993 mor.
670 3936 720 3993 47.
737 3937 800 3993 Sen.
816 3935 849 3992 de
865 3935 951 3995 benef.
968 3937 998 4008 3,
1016 3935 1066 4008 15,
1086 3935 1106 3990 4
1206 3933 1245 3992 49
1271 3936 1320 3992 Gr.
1337 3936 1372 3992 lle
1388 3939 1457 3993 mori

317 4022 355 4080 67
457 4021 498 4080 50
521 4022 563 4079 Gr
577 4021 606 4080 2.
622 4021 697 4078 Coeo.
719 4021 791 4078 Balla.
806 4020 875 4076 llon.
894 4020 950 4092 14,
967 4019 1002 4093 5,
1024 4039 1070 4095 pg.
1088 4018 1127 4075 24
1227 4018 1266 4076 51
1290 4021 1344 4078 Βο.
1361 4022 1421 4076 Ver.
1436 4022 1456 4077 l.

294 4145 298 4151 »
316 4106 393 4164 Puhl.
409 4115 480 4163 sent.
498 4106 574 4179 235,
591 4122 671 4180 supro
686 4124 733 4181 pg.
749 4106 792 4163 81-
890 4104 930 4162 52
954 4106 1003 4163 Go.
1105 4105 1145 4162 53
1170 4104 1218 4161 Go.
1234 4104 1399 4161 Pantheleou
1415 4122 1459 4162 re-

290 4235 293 4240 .
316 4194 399 4249 etius:
426 4193 537 4250 Bonum
553 4198 595 4249 est
610 4193 732 4248 reddere
747 4191 822 4248 bona
838 4191 926 4248 verba
942 4194 1106 4247 etinimicis
1184 4187 1225 4246 54
1248 4191 1282 4259 Q.
1298 4189 1360 4246 Seu.
1377 4191 1456 4264 epist.

314 4277 366 4350 47,
382 4277 422 4333 21
486 4277 525 4333 55
549 4277 584 4332 E.
602 4275 638 4331 lle
653 4293 720 4333 mor.
739 4275 799 4332 114
862 4274 903 4334 56
927 4276 962 4332 Ε.
979 4275 1015 4331 lle
1031 4291 1097 4331 mor.
1115 4275 1154 4332 97
1218 4272 1257 4331 57
1281 4273 1454 4332 Βο.3ιιειιι.

317 4361 402 4436 ddag.
423 4379 450 4435 p.
470 4359 528 4419 641
547 4359 611 4418 edit.
630 4362 692 4417 ιιιιιί
708 4360 789 4419 1617
891 4360 931 4419 58
955 4361 1008 4417 Βο.
1025 4359 1125 4420 Eresm.
1141 4359 1225 4433 Adag.
1242 4358 1305 4415 ibid.
1322 4377 1369 4434 pg.
1386 4361 1459 4419 628.

318 4445 395 4502 Pind.
411 4446 516 4519 Olymp.
535 4446 564 4518 6,
582 4446 639 4503 101
720 4445 759 4502 59
783 4446 837 4504 Bo.
852 4444 939 4502 Pluut.
953 4444 1050 4502 Pseud.
1067 4443 1129 4501 454
1216 4443 1257 4502 60
1280 4444 1321 4500 Gr
1336 4443 1364 4501 2.
1381 4443 1459 4502 Coeo.

319 4528 392 4585 Balb.
408 4529 480 4585 llon.
498 4528 549 4602 22,
566 4528 594 4585 2.
609 4546 656 4604 pg.
675 4527 713 4587 27
