3228 5184
322 445 362 510 98
635 461 791 506 runmnn
815 459 892 508 sinu
918 458 1148 506 snnrnnrmn.

405 613 483 678 Plus
508 623 556 677 θεῖ
579 635 675 700 quam
697 633 802 698 poena
824 613 964 676 iniuriae
987 610 1206 674 succumbere.

405 716 468 779 Pro
490 715 654 778 medicina
676 723 726 778 θεῖ
748 712 850 794 dolor,
875 712 1018 777 dolorem
1042 713 1098 798 qui
1120 721 1225 774 necat.

405 818 539 881 Patiens
563 826 596 880 θῖ
617 816 711 880 fortis
734 837 768 878 se
790 817 898 907 ipsum
920 813 1048 879 felicem
1071 813 1160 877 facit.

321 926 383 984 465
407 919 599 1004 Prospicere
621 919 655 980 in
678 938 758 1003 pace
781 926 918 1003 oportet,
942 915 1027 1002 quod
1051 913 1173 978 bellum
1194 917 1295 979 iuvet.

405 1021 526 1084 Parens
549 1020 651 1082 iratus
674 1019 709 1082 in
733 1040 767 1081 se
790 1027 840 1082 θεῖ
862 1017 1117 1082 crudelissimus.

403 1120 516 1184 Perdit
537 1143 601 1184 non
625 1120 734 1202 donat,
759 1121 810 1184 cui
834 1120 932 1183 donat
954 1119 1019 1182 nisi
1041 1128 1090 1182 θεῖ
1111 1129 1243 1182 memor.

404 1223 504 1286 Probi
526 1220 645 1285 delicia
667 1243 741 1285 cum
762 1221 928 1305 neglegas,
952 1219 1040 1305 leges
1063 1230 1161 1285 teras,

406 1323 486 1386 Pars
510 1323 647 1388 benefici
670 1333 730 1406 est,
755 1322 842 1409 quod
864 1323 985 1408 petitur
1008 1325 1035 1386 si
1058 1321 1143 1386 belle
1165 1343 1276 1406 neges.

320 1431 383 1488 470
405 1425 583 1510 Properare
605 1426 639 1487 in
662 1423 838 1489 iudicando
861 1433 911 1488 est
934 1425 1056 1487 crimen
1078 1445 1242 1510 quaerere.

409 1525 527 1612 Populi
550 1534 599 1588 θεῖ
620 1528 828 1612 mancipium,
853 1526 1000 1611 quisquis
1023 1527 1148 1612 patriae
1172 1524 1343 1598 estutilis.

287 1663 295 1686 s
393 1627 469 1694 ,Per
491 1649 574 1713 quae
596 1630 641 1692 sis
664 1637 765 1710 tutus,
789 1626 846 1691 illa
868 1648 996 1714 semper
1017 1627 1163 1711 cogites.=

406 1729 583 1813 Perfugere
605 1728 648 1792 ad
669 1729 869 1811 inferiorem,
895 1752 929 1792 se
951 1731 1058 1817 ipsum
1082 1739 1132 1793 θεῖ
1153 1728 1292 1792 tradere.

405 1830 580 1894 Peccatum
602 1831 699 1893 amici
722 1830 826 1895 veluti
848 1841 941 1896 tuum
963 1840 1051 1895 recte
1074 1839 1178 1917 putes.
1209 1823 1212 1827 ’

321 1939 382 1995 475
406 1932 526 1996 Potens
549 1933 733 1996 misericors
756 1933 889 2019 publica
911 1943 961 1996 θεῖ
983 1932 1133 1997 felicitas.

405 2034 562 2098 Praesens
587 2043 636 2097 θεῖ
659 2056 798 2122 semper,
822 2036 939 2098 absens
963 2035 1018 2120 'qui
1041 2058 1076 2098 se
1097 2034 1276 2098 ulciscitur.

404 2135 564 2199 Perfacile
586 2135 668 2200 felix
691 2136 776 2222 quod
803 2146 878 2201 vota
904 2137 1065 2226 imperant
1086 2136 1176 2198 facit.
1230 2127 1238 2136 ’

405 2237 547 2300 Poenam
569 2247 714 2302 moratur
729 2224 914 2324 improbus,
937 2259 1003 2300 non
1024 2238 1191 2323 praeierit.

404 2337 594 2402 Perdidisse
619 2338 776 2426 [honeste]
801 2338 943 2419 mallem,
969 2361 1066 2425 quam
1089 2339 1257 2424 accepisse
1279 2338 1431 2424 turpiter.
1453 2403 1458 2410 ,

321 2597 454 2640 comens
470 2601 494 2638 v.
511 2582 694 2641 450--5002
717 2585 745 2640 F
758 2583 805 2656 (D

321 2701 350 2772 9,
367 2700 395 2756 4,
427 2701 515 2758 Poena
530 2702 562 2758 nd
579 2719 612 2758 m.
629 2719 690 2758 sero
707 2702 786 2776 pede,
803 2711 830 2758 at
845 2711 921 2758 certo
939 2703 1013 2758 venit
1028 2703 1147 2774 Maekly
1244 2700 1305 2775 463
1329 2709 1371 2756 θεῖ
1386 2701 1468 2756 dolor

321 2786 451 2858 Inpolsts
467 2786 493 2841 d.
511 2795 553 2842 θεῖ
568 2789 594 2842 F
679 2787 800 2843 dolorem
816 2789 862 2860 qui
879 2789 1001 2844 Gruter.-
1024 2789 1069 2860 qni
1085 2787 1206 2843 dolorem
1223 2787 1263 2849 F;
1286 2793 1327 2840 θεῖ
1342 2785 1466 2840 dolorem

321 2872 365 2944 qui
383 2869 462 2926 dolor
479 2880 572 2927 enecat
588 2871 681 2928 Bothe
767 2871 829 2929 464
852 2874 896 2928 An
913 2873 1020 2944 sapiens
1036 2880 1063 2926 θῖ
1085 2871 1181 2927 sortis?
1208 2869 1265 2926 Cic.
1285 2871 1369 2926 Tusc.
1388 2870 1418 2940 3,
1437 2871 1466 2941 7,

321 2945 369 3009 14.
387 2957 462 3011 Hor.
480 2956 540 3012 Sat.
559 2955 593 3027 2,
613 2957 640 3028 1,
659 2957 707 3013 16.
726 2957 808 3012 Caec.
826 2957 912 3012 Bulb.
930 2957 1046 3012 Monac.
1064 2956 1094 3027 2,
1111 2955 1138 3010 2.
1153 2974 1202 3028 pp.
1221 2955 1261 3012 20
1352 2954 1414 3010 465
1438 2956 1466 3009 in

318 3056 384 3112 pace
400 3058 444 3112 op.
464 3041 585 3097 Gruter.-
608 3057 652 3114 op.
669 3042 696 3095 in
711 3058 739 3114 p.
756 3043 784 3096 F
867 3036 954 3116 qnod]
972 3041 1037 3113 qnid
1055 3043 1194 3103 editores;
1217 3039 1257 3112 cf.
1273 3058 1321 3112 pp.
1339 3030 1377 3094 54

319 3122 366 3179 Ad
380 3129 552 3182 sententiam
567 3126 608 3198 cf.
627 3125 666 3180 ‘Si
684 3127 722 3179 vis
737 3141 840 3199 pacem,
855 3143 918 3199 pura
933 3124 1057 3180 bellum?
1143 3124 1204 3181 467
1229 3126 1271 3180 cui
1287 3125 1395 3180 Belle:
1420 3125 1466 3196 qui

319 3209 355 3278 F,
377 3211 442 3280 quoi
458 3211 635 3266 Ribbeclcr'us
720 3209 803 3264 donet
826 3211 948 3272 Grutem
970 3209 1015 3266 dat
1030 3212 1059 3265 F
1141 3226 1244 3265 mernor
1259 3208 1390 3282 Inpulsu.-
1411 3224 1467 3263 rne-

320 3293 402 3347 moria
425 3295 459 3348 F.
504 3294 612 3366 Perdis,
640 3311 695 3350 non
721 3294 820 3366 dones,
849 3297 899 3350 nisi
926 3297 961 3350 sit
983 3296 1025 3350 cui
1050 3295 1133 3349 donas
1161 3310 1265 3349 memor
1285 3294 1380 3350 Bolbe

319 3376 380 3434 468
403 3377 481 3450 probi
497 3379 628 3452 Inpulsu.-
643 3377 727 3452 probe
743 3380 771 3433 F
853 3377 871 3412 ‘³‘
887 3396 947 3434 curn
963 3379 1104 3452 neglegas,
1120 3379 1195 3452 leges
1211 3385 1297 3433 teres:
1313 3395 1373 3433 curn
1390 3377 1466 3451 legas

319 3461 425 3517 dotores
441 3464 476 3534 F,
498 3463 614 3519 iudicum
636 3464 711 3537 leges
735 3472 825 3519 terunt
848 3467 942 3537 vulpe,
967 3482 1005 3520 aa
1021 3463 1098 3537 probi
1113 3462 1210 3518 delicto
1226 3465 1372 3536 ignoscens
1387 3462 1466 3536 leges

319 3546 443 3602 deleres?
471 3548 627 3604 dissolvitur
653 3550 779 3622 protinus
805 3549 863 3619 lex,
890 3565 949 3603 curn
978 3548 1059 3604 luerit
1080 3539 1233 3602 misericors
1255 3547 1334 3603 iudex
1358 3549 1383 3602 T

318 3630 379 3686 469
404 3631 512 3690 Gellius
529 3634 583 3704 17,
602 3634 656 3706 14,
679 3634 812 3693 Macrob.
836 3634 897 3689 Sal.
915 3633 950 3704 2,
967 3635 996 3704 7,
1018 3632 1081 3689 Ioa.
1105 3633 1222 3688 Saresb.
1244 3633 1351 3689 Polior.
1369 3631 1405 3702 8,
1424 3630 1463 3686 14

402 3714 516 3774 benefici
534 3720 696 3775 Bentleius:
718 3717 840 3773 beneficii
857 3719 885 3772 F
977 3709 1059 3796 helle]
1078 3717 1148 3772 bene
1164 3718 1317 3788 Erasmus
1333 3718 1387 3772 cito
1399 3716 1465 3771 Ma-

294 3801 451 3864 crobius,-
474 3803 526 3858 sed
546 3803 586 3875 cf.
607 3821 654 3876 pp.
671 3802 721 3859 56.
767 3803 826 3859 Non
847 3802 907 3858 leve
931 3801 1090 3858 beneficium
1111 3810 1247 3875 praestet,
1269 3803 1315 3874 qui
1336 3801 1369 3856 de
1390 3799 1465 3855 brevi

319 3885 456 3940 renuntiat
474 3886 499 3941 Τ
593 3886 656 3944 470
678 3895 721 3943 est
736 3888 836 3942 crimen
851 3889 982 3961 Inpulsu:
1005 3904 1042 3942 cr.
1060 3894 1103 3942 θεῖ
1117 3889 1146 3942 F
1233 3885 1295 3941 474
1320 3885 1363 3956 Cf.
1380 3903 1405 3939 θ.
1425 3886 1466 3941 10

404 3969 487 4026 νεῖυῖί
502 3971 632 4046 Inpulsu:
647 3972 722 4028 velut
736 3973 765 4028 F
857 3973 919 4029 475
943 3973 987 4046 Cf.
1004 3991 1029 4028 v.
1044 3970 1106 4028 467
1201 3969 1263 4028 476
1286 3958 1331 4044 Cf.
1348 3989 1372 4026 θ.
1390 3969 1463 4026 552.

321 4053 380 4110 673
399 4081 403 4088 ·
479 4051 608 4112 *absens
625 4059 730 4131 quise:
754 4059 800 4130 qui
816 4056 912 4112 absens
928 4060 968 4129 F,
991 4057 1037 4129 qui
1052 4056 1147 4112 absens
1163 4057 1242 4111 ellam
1260 4055 1366 4111 Gruter

317 4138 378 4194 477
404 4131 476 4216 vola]
501 4141 554 4196 luta
576 4147 649 4198 coni.
672 4142 791 4215 Inpolsl.
899 4145 1043 4216 impetrent
1066 4141 1188 4204 Graiam
1213 4158 1239 4212 p.
1264 4140 1282 4194 f.
1306 4139 1378 4212 quod
1401 4139 1465 4194 lecit

317 4225 444 4297 impetrat
459 4227 552 4282 Bolbe
644 4225 706 4283 478
730 4233 851 4282 moretur
866 4227 999 4300 Inpulsu.-
1015 4228 1118 4290 oralF
1200 4224 1262 4281 479
1285 4216 1302 4253 '¹‘
1319 4220 1464 4298 [honeste]

318 4311 353 4363 el.
376 4310 492 4367 anor:
517 4329 568 4367 om.
587 4313 615 4366 F
712 4305 893 4384 *accepisse
917 4313 1037 4385 accipere
1052 4312 1088 4366 F.
1134 4309 1179 4384 Cf.
1196 4311 1313 4366 Hesiod.
1332 4308 1384 4386 Op.
1402 4308 1463 4364 352

317 4383 357 4465 μή
379 4383 457 4449 κακοὶ
483 4391 666 4467 κερδαίνειν·
696 4384 776 4450 κακοὶ
796 4390 900 4468 κέρδεα
921 4385 962 4450 ἷσ’
984 4383 1099 4475 ἄτῃσιν.
1144 4396 1230 4452 Cuec.
1249 4394 1462 4450 Buleonuc.

322 4481 347 4548 l,
364 4479 392 4534 3.
408 4497 455 4552 pp.
476 4480 513 4535 18
530 4478 658 4535 ‘Lucrum
674 4489 753 4554 turpe
769 4488 800 4536 ut
816 4480 984 4554 dispendium
1000 4480 1100 4558 lugilof
