3228 5184
484 495 639 542 PUBLILII
662 494 741 543 sual
763 494 992 544 SENTENTIAM.

249 647 462 712 Maledictum
484 647 728 734 interpretando
750 647 850 711 facias
873 647 990 711 acrius.

248 748 335 813 Male
358 770 469 812 secum
490 751 559 834 agit
580 770 687 834 aeger,
711 749 872 814 medicum
894 749 950 834 qui
972 747 1124 812 heredem
1148 748 1236 813 facit.

249 851 358 914 Minus
381 849 554 937 decipitur,
578 855 629 914 cui
651 860 790 935 negatur
812 849 969 915 celeriter.
1116 849 1120 858 '

248 952 357 1017 Mutat
379 973 414 1015 se
435 951 565 1016 bonitas
587 953 721 1016 inritata
743 952 873 1015 iniuria.

161 1062 225 1119 335
248 1053 368 1118 Mulier
389 1076 464 1118 cum
486 1051 554 1117 sola
577 1053 710 1136 cogitat,
733 1052 817 1116 male
840 1053 971 1138 cogitat.

248 1155 335 1220 Male
357 1156 465 1218 facere
488 1154 543 1240 qui
566 1154 648 1236 vult,
672 1176 846 1240 numquam
868 1176 933 1217 non
956 1175 1083 1216 causam
1107 1153 1244 1218 invenit.
1366 1239 1369 1246 Ι

248 1254 425 1320 Malivolus
448 1277 574 1341 semper
595 1277 652 1319 sua
674 1265 789 1319 natura
812 1256 965 1319 vescitur.
1041 1296 1047 1308 ·
1114 1334 1116 1340 Ι

247 1358 369 1423 Multos
392 1357 507 1421 timere
529 1356 638 1437 debet,
661 1377 756 1442 quem
780 1355 873 1422 multi
895 1357 1021 1420 timent.

248 1459 335 1524 Male
357 1458 546 1545 imperando
570 1480 731 1521 summum
753 1459 926 1545 imperium
950 1458 1121 1521 amittitur.

159 1569 225 1627 340
248 1559 378 1641 Mulier,
402 1581 484 1646 quae
507 1557 617 1624 multis
640 1560 744 1640 nubit,
768 1558 878 1623 multis
901 1582 966 1623 non
988 1558 1106 1645 placet.

247 1658 423 1726 Malivolus
445 1661 572 1724 animus
594 1660 724 1726 abditos
747 1660 861 1724 dentes
885 1659 994 1724 habet.
1132 1661 1135 1666 ’

247 1762 413 1826 Medicina
435 1762 628 1825 calamitatis
652 1770 702 1826 est
723 1763 972 1848 aequanimitas,

247 1863 420 1928 Muliebris
443 1861 577 1935 lacrima
600 1861 842 1927 condimentum
865 1872 914 1926 est
936 1862 1090 1926 malitiae.

248 1967 371 2030 Metam
392 1965 555 2048 respicere
577 1973 642 2027 non
664 1963 746 2028 solet
769 1963 929 2050 quidquid
952 1967 1053 2028 iuvat.

159 2075 223 2132 345
248 2067 335 2132 Malo
359 2067 457 2130 etiam
478 2087 605 2152 parcas,
628 2067 656 2128 si
677 2089 742 2130 una
765 2076 814 2130 est
837 2067 999 2152 periturus
1022 2065 1137 2130 bonus.
1227 2033 1270 2192 s

247 2168 404 2252 Magnum
426 2167 548 2230 crimen
570 2188 679 2232 secum
701 2166 809 2230 adfert
831 2167 1022 2250 indignatio.

248 2268 354 2332 Malus
377 2269 440 2332 etsi
462 2266 577 2332 obesse
599 2290 665 2332 non
687 2277 773 2354 pote,
796 2277 905 2331 tamen
928 2269 1060 2352 cogitat.

160 2596 298 2638 cosmas
314 2599 338 2636 v.
356 2580 537 2638 coc-aro:
560 2577 765 2652 Parmae),
788 2597 812 2639 v.
830 2579 1011 2637 arr-376:
1034 2581 1062 2635 r
1075 2578 1125 2651 (r)

247 2732 306 2788 331
333 2732 378 2805 Cf.
396 2751 420 2790 a.
437 2731 529 2789 252
585 2731 754 2788 maledictum
770 2732 838 2788 male
853 2732 1097 2804 interpretandae*
1173 2732 1256 2788 iacies
1273 2733 1303 2804 0,
1366 2783 1371 2794 ,

160 2820 304 2873 Erasmus
410 2819 500 2891 agrius
517 2818 545 2872 P
649 2816 709 2872 332
732 2832 813 2889 aeger
836 2835 887 2873 om.
911 2819 971 2872 eod.
991 2817 1200 2874 Panthuleouis

160 2903 224 2959 333
247 2902 372 2958 celeriter
386 2911 502 2976 negatur
520 2902 566 2958 Te
655 2900 716 2956 334
739 2902 845 2956 inritata
870 2899 955 2974 (quod
963 2919 1021 2972 pro
1037 2906 1210 2959 nominativo
1226 2907 1303 2958 ueri·

158 2985 222 3058 pio)
237 2987 388 3046 Pithoeus:
410 3003 470 3042 curn
490 2988 616 3042 inritatur
631 2987 699 3057 PR,
723 3002 784 3041 eum
798 2987 920 3041 irritatur
935 2985 998 3057 FO,
1014 3003 1074 3042 cum
1090 2989 1225 3060 irrogatur
1241 2990 1303 3043 eod.

160 3073 388 3134 Panthuieoui85
410 3088 470 3126 cum
491 3073 582 3126 irrites
599 3072 740 3126 Erasmus
827 3070 887 3126 335
912 3068 935 3124 C
962 3072 1039 3126 Viuo.
1062 3072 1135 3128 Bell.
1158 3087 1202 3142 sp.
1223 3074 1251 3127 d.
1274 3071 1303 3144 5,

162 3157 221 3226 10,
242 3171 286 3227 sp.
308 3174 337 3212 a.
361 3155 494 3227 31,115
582 3155 642 3212 336
665 3170 810 3229 numquam
837 3171 892 3210 uon
914 3172 937 3210 c.
958 3155 987 3225 i.,
1014 3158 1109 3212 addito
1133 3155 1177 3210 alii
1198 3171 1303 3211 causam

161 3256 307 3312 numquam
329 3241 430 3295 invenit
445 3241 502 3296 Pb:
524 3256 657 3312 nusquam
672 3256 727 3295 uon
743 3241 771 3295 F
784 3240 940 3309 ErasmuS,
963 3257 1108 3312 numquam
1124 3240 1214 3310 Pan,
1234 3257 1303 3295 uou-

160 3338 300 3397 nuuquam
324 3325 401 3380 Viae.
418 3325 492 3381 Bell.
509 3341 552 3395 sp.
568 3327 595 3380 d.
612 3323 647 3395 4,
666 3324 736 3396 106,
753 3324 813 3398 plus
830 3341 909 3396 quam
925 3340 980 3380 non
995 3325 1051 3380 vult
1066 3326 1168 3380 invenit
1187 3323 1215 3379 θ’

161 3409 223 3465 337
247 3411 380 3465 nascitura
395 3409 437 3464 Ph
533 3417 658 3464 vescetur
672 3411 708 3480 F,
724 3410 837 3464 vestitus
855 3408 877 3464 G
974 3408 1034 3465 338
1059 3410 1164 3466 Similis
1181 3416 1223 3465 est
1239 3425 1302 3465 oer-

161 3510 213 3550 sus
228 3493 355 3562 Laberii,
379 3509 461 3565 quem
482 3498 510 3550 in
527 3493 680 3549 Caesarem
694 3496 800 3550 dietum
819 3497 947 3564 populus
967 3499 1095 3566 aceepit,
1118 3494 1223 3564 (Muer.
1241 3493 1302 3549 Sat.

162 3579 192 3649 3,
211 3578 239 3647 7,
254 3577 285 3649 4)
301 3577 427 3633 ‘Necesse
442 3587 483 3634 est
500 3579 599 3633 multos
614 3580 722 3650 timeat,
744 3595 823 3651 quem
839 3577 916 3633 multi
932 3578 1048 3633 timent'.
1094 3577 1137 3650 Cf.
1163 3580 1257 3634 Vellei.
1275 3578 1301 3648 2,

162 3663 202 3719 57
219 3665 254 3718 de
270 3662 398 3718 Caesare
420 3663 502 3718 ‘mori
522 3679 551 3717 se
567 3680 647 3735 quarn
669 3664 762 3718 timere
777 3662 869 3731 velle',
890 3663 965 3718 Plut.
983 3661 1064 3718 Caes.
1082 3663 1131 3718 57.
1186 3664 1304 3719 Versum

161 3749 357 3804 Laberianum
372 3747 493 3804 Publilio
515 3749 612 3803 tribuit
627 3750 754 3803 Jounues
770 3746 888 3806 Saresb.
904 3747 1009 3802 Polior.
1027 3746 1062 3818 8,
1081 3746 1128 3802 14.
1172 3749 1216 3804 De
1231 3768 1302 3805 mor.

164 3831 203 3888 62
227 3831 288 3898 ‘Qui
310 3847 323 3885 a
346 3831 436 3886 multis
457 3833 583 3903 timetur,
611 3832 711 3888 multos
734 3831 832 3903 timet’,
860 3832 968 3888 Aurea.
998 3833 1056 3889 VII
1074 3832 1144 3905 Sap.
1166 3833 1301 3890 Perieud.

162 3915 265 3972 ‘Multis
287 3915 413 3972 terribilis
436 3917 530 3972 timeto
551 3917 676 3988 multos',
699 3917 784 3973 Solon
806 3934 853 3987 up.
869 3918 972 3974 Antou.
995 3917 1102 3974 Meliss.
1125 3933 1209 3973 serm.
1234 3911 1302 3990 περὶ

161 3995 317 4076 βασιλέως,
342 4000 427 4056 Orell.
445 4017 632 4072 operamur.
651 4002 683 4072 1,
701 4001 776 4074 162,
794 4001 832 4056 19
925 4001 985 4058 333
1009 4001 1059 4057 EC
1144 4001 1206 4059 340
1227 4003 1302 4058 nubit

161 4087 201 4141 F.-
216 4083 301 4141 nubet
316 4085 368 4140 PR
376 4109 386 4147 ,·
407 4084 484 4140 nubit
499 4085 606 4156 multis,
630 4086 720 4141 multis
737 4102 791 4141 nou
807 4085 894 4158 placet
911 4088 1052 4143 Erasmus
1138 4085 1197 4142 341
1223 4087 1303 4142 male·

161 4169 239 4225 volus
256 4171 381 4226 editores
466 4169 526 4225 342
550 4170 596 4242 Cf.
613 4189 637 4227 v.
656 4170 715 4227 657
802 4169 863 4226 343
887 4187 910 4224 c.
926 4187 961 4224 m.
978 4179 1019 4226 est
1036 4172 1152 4242 Gruter,
1171 4178 1213 4224 est
1228 4188 1250 4225 c.
1266 4187 1301 4225 m.

160 4256 255 4312 Bothe
343 4251 403 4309 344
426 4253 522 4309 Metam
537 4256 651 4327 Muuty,
675 4262 763 4310 metus
779 4255 890 4326 Meyer.
936 4254 981 4326 Cf.
998 4255 1064 4312 Seu.
1087 4257 1123 4311 de
1143 4259 1188 4310 ira
1205 4255 1235 4327 2,
1251 4255 1302 4325 31,

160 4340 178 4396 5
197 4338 257 4393 ‘Ubi
279 4339 392 4394 maxime
414 4338 558 4412 gaudebiS,
583 4341 694 4394 maxime
715 4337 841 4394 metues'.
949 4338 1010 4394 345
1035 4339 1076 4411 Cf.
1094 4357 1118 4396 r.
1136 4338 1197 4394 324

159 4423 221 4480 346
246 4439 342 4496 magua
363 4430 405 4477 est
425 4439 485 4477 oum
508 4425 608 4479 crimen
628 4424 716 4479 adfert
738 4423 886 4497 indignatio
911 4423 1000 4479 Bothe
1113 4423 1172 4481 347
1197 4426 1248 4480 etsi
1270 4464 1302 4481 ..

158 4516 225 4582 pote
243 4510 366 4564 Gruter:
388 4508 467 4563 etiam
482 4510 505 4563 si
522 4550 528 4563 .
547 4551 553 4564 .
571 4517 664 4582 potest
679 4510 712 4578 F,
730 4515 822 4581 potest
837 4515 890 4563 tarn
907 4512 980 4564 coni.
997 4508 1098 4565 Bothe.
1262 4505 1266 4514 '
