3228 5184
309 434 361 496 82-
626 448 781 495 cosmon
805 449 883 496 suna
906 407 1135 496 snudnurmn.

392 600 572 665 Iocundnm
594 600 640 663 nil
663 609 722 681 est,
745 602 810 664 nisi
832 600 919 687 quod
941 601 1046 664 reficit
1068 601 1220 664 varietas.

308 710 370 767 240
392 703 584 787 Ingenuitas
607 723 672 766 non
693 702 812 787 recipit
835 700 1072 766 contumeliam.
1236 777 1239 783 ¹

391 802 542 868 'Inritare
564 813 614 867 est
636 802 865 886 calamitatem,
890 805 963 866 edm
985 814 1018 867 te
1040 803 1169 867 felicem
1192 806 1298 869 voces.

390 905 517 992 Inpune
539 926 655 990 pecces
678 906 713 968 in
735 927 819 987 eum,
842 905 898 990 qui
920 915 1033 992 peccat
1054 907 1153 991 prior.

390 1005 543 1092 Ingratus
565 1028 648 1071 unus
671 1006 821 1070 omnibus
843 1008 970 1071 miseris
993 1016 1096 1071 nocet.

391 1107 431 1171 In
452 1110 583 1172 miseria
606 1109 703 1172 etiam
726 1110 795 1172 vita
818 1108 1012 1173 contumelia
1035 1119 1094 1174 est.

308 1215 368 1272 245
392 1208 453 1272 ‘Ita
474 1211 614 1272 amicum
637 1209 769 1294 habeas,
792 1211 889 1296 pdsse
910 1219 947 1273 ut
968 1210 1065 1273 facile
1087 1211 1161 1273 fleri
1180 1210 1266 1274 hunc
1281 1212 1448 1275 inimicum

917 1320 1022 1397 putee.

389 1411 556 1476 Invidiam
579 1410 665 1476 ferre
688 1420 745 1476 aut
766 1412 860 1477 fortis
883 1422 939 1476 aut
962 1411 1044 1476 felix
1064 1423 1182 1500 potest.

390 1513 430 1576 In
452 1535 562 1577 amore
584 1535 711 1599 semper
733 1514 875 1578 mendax
897 1513 1067 1578 iracundia
1089 1525 1148 1579 est.

390 1614 524 1679 Invidia
545 1616 656 1698 tacite,
680 1614 738 1678 sed
760 1617 893 1679 inimice
914 1617 1076 1679 irascitur.

390 1716 513 1780 Iratum
537 1717 682 1781 breviter
704 1717 801 1799 vites,
824 1718 992 1780 inimicum
1015 1717 1082 1782 diu.

307 1825 368 1882 250
391 1814 587 1882 Iniuriarum
610 1819 788 1882 remedium
811 1828 860 1882 est
883 1817 1016 1883 oblivio.
1076 1832 1080 1840 “

389 1919 606 1984 'Iracundidm
629 1922 684 2005 qui
707 1920 821 2001 vincit,
844 1919 970 1984 hdstem
993 1928 1124 2007 superat
1145 1923 1336 1986 maximum.

389 2020 514 2084 Iactum
536 2020 674 2086 lacendo
697 2023 819 2086 crimen
841 2022 944 2086 facias
966 2024 1082 2086 acrius.

306 2316 439 2357 contens
456 2319 479 2356 v.
498 2289 679 2357 230-263:
695 2302 808 2358 PRBF
819 2299 918 2380 (Teu)

305 2435 455 2492 592645
542 2436 670 2491 delictum
687 2436 808 2506 Gruter,
832 2439 877 2508 qui
897 2445 1053 2509 peccantem
1074 2453 1128 2491 non
1149 2428 1303 2504 ulciscendo
1319 2440 1448 2509 praeterit

308 2521 331 2575 Τ
415 2519 475 2576 239
499 2515 732 2576 *numinum
815 2520 975 2577 nisiom.0
1058 2521 1120 2578 240
1143 2521 1187 2593 Cf.
1205 2541 1229 2578 o.
1247 2520 1307 2577 284
1372 2539 1447 2578 rece·

303 2607 344 2679 pit
364 2606 404 2677 P,
426 2609 491 2661 item
511 2606 538 2661 R
560 2607 610 2661 sed
628 2612 736 2677 puncto
754 2622 846 2678 supra
868 2623 883 2662 e
906 2609 1018 2677 addito,
1039 2606 1093 2662 lert
1115 2607 1141 2660 T
1225 2604 1283 2660 241
1308 2608 1447 2663 hocloco

303 2691 427 2759 PRBE,
451 2690 533 2762 infra
552 2698 618 2761 post
638 2709 663 2746 v.
677 2677 746 2748 Ι263
762 2691 796 2745 F.
842 2691 886 2763 Gf.
910 2710 933 2747 a.
952 2691 1011 2747 146
1108 2692 1221 2746 invitare
1242 2695 1317 2746 coni.
1340 2691 1448 2747 Gruter

387 2770 512 2830 *vocesz
535 2776 671 2830 vocaveris
688 2775 753 2846 BC,
770 2774 908 2830 vocaberis
924 2776 1019 2845 PRE,
1037 2774 1136 2830 dixeris
1156 2776 1349 2846 Pantlialeoa,
1365 2792 1445 2830 vocas

306 2861 423 2933 lapolst.
445 2860 580 2915 vocaveris
603 2859 708 2915 felicem
729 2861 757 2913 F
856 2859 917 2914 242
941 2876 1035 2933 pecces
1057 2861 1125 2915 BF.-
1146 2876 1240 2935 peccas
1265 2859 1301 2930 C,
1321 2859 1446 2932 prolecto

303 2961 397 3017 peccas
416 2946 453 3014 Τ,
475 2961 553 3017 pecas
569 2945 608 3013 P,
630 2946 762 3016 peccisll
862 2947 889 3001 in
912 2961 972 3000 eum
995 2946 1092 3000 om.T
1189 2946 1234 3017 qui
1256 2953 1348 3017 peceat
1370 2946 1447 3017 prior

303 3031 468 3086 Bentleias:
491 3031 537 3102 qui
552 3030 627 3100 prior
641 3030 668 3083 in
685 3045 746 3084 eum
761 3031 910 3102 peccaverit
929 3030 963 3100 T,
982 3031 1033 3102 ·qui
1049 3039 1141 3102 peccat
1156 3031 1242 3084 rarior
1257 3028 1318 3093 LO;
1337 3030 1446 3100 impune

303 3122 394 3186 peccat
417 3129 477 3168 curn
500 3114 559 3186 quis
582 3121 676 3186 peccat
697 3115 783 3169 rarior
803 3115 960 3170 Fabricius
979 3130 1016 3169 ac
1037 3117 1166 3186 similiter
1185 3118 1242 3170 iam
1263 3115 1445 3170 Panthaleou

388 3197 448 3254 243
473 3199 518 3252 uni
536 3197 570 3251 Τ
645 3197 769 3252 omnibus
790 3200 894 3255 miseris
910 3199 1028 3272 lnpolsl.
1050 3197 1174 3253 omnibus
1195 3199 1319 3254 miserior
1336 3198 1375 3268 Τ,
1397 3201 1446 3253 mi-

303 3284 370 3337 seris
383 3281 507 3338 omnihus
517 3283 550 3353 L,
571 3281 652 3338 Viae.
664 3283 739 3338 Bell.
754 3300 796 3354 sp,
809 3286 834 3339 d.
847 3283 877 3352 4,
890 3283 942 3353 54,
958 3285 1047 3338 missis
1064 3282 1187 3338 omnibus
1201 3283 1222 3339 C
1303 3281 1364 3337 244
1387 3278 1404 3315 *
1417 3284 1445 3338 in

303 3369 408 3422 miseria
428 3367 506 3421 etiam
528 3368 595 3421 vita:
618 3369 645 3422 in
662 3369 756 3422 misera
772 3369 825 3422 vita
842 3369 919 3423 etiam
936 3369 971 3438 F,
993 3369 1020 3422 iu
1036 3368 1142 3422 miseria
1157 3369 1210 3423 vita
1226 3366 1338 3439 (omisso
1354 3367 1445 3438 etiam)

304 3452 371 3523 PR,
394 3453 420 3506 in
443 3453 540 3508 misera
560 3453 613 3506 vita
629 3452 669 3515 B,
692 3453 720 3506 in
741 3453 839 3507 misero
860 3453 913 3508 vita
935 3460 977 3508 est
997 3454 1075 3508 etiam
1091 3459 1164 3507 cont.
1183 3453 1287 3522 Bollte,
1307 3453 1333 3506 in
1354 3454 1445 3507 miseri

302 3538 380 3592 vitam
394 3543 450 3592 tuta
463 3537 626 3592 contumelia
637 3544 680 3592 est
691 3537 832 3593 Halmius.
852 3536 894 3609 Of.
903 3557 927 3593 o.
938 3537 1007 3594 256.
1016 3536 1075 3593 277
1136 3536 1196 3592 245
1219 3538 1326 3592 Gellius
1338 3536 1386 3608 17,
1402 3536 1440 3590 14

386 3621 445 3677 lieri
458 3625 487 3677 in
504 3622 530 3675 B
544 3638 602 3677 see.
618 3641 652 3677 m.
669 3639 732 3693 sap.
749 3639 806 3678 ser.
887 3622 959 3677 hunc
973 3623 1010 3677 in.
1028 3630 1107 3694 putes
1124 3622 1297 3677 Berueusis:
1318 3639 1344 3695 p.
1362 3621 1389 3677 h.
1406 3622 1443 3676 in.

302 3707 338 3777 F,
353 3707 426 3761 hunc
440 3723 495 3761 non
510 3707 546 3760 in.
563 3725 589 3779 p.
602 3707 699 3770 PRB5
721 3715 751 3762 ut
766 3707 839 3762 hunc
853 3705 911 3762 fieri
927 3723 1008 3780 posse
1023 3707 1159 3762 inimicum
1175 3715 1254 3780 pates
1278 3708 1357 3763 Viae.
1372 3707 1442 3761 Bell.

301 3790 559 3862 sp.‹l.5,88,ut
578 3792 615 3845 in.
633 3789 690 3846 lieri
710 3807 792 3864 posse
813 3790 919 3860 sciasO
1010 3790 1143 3847 246Το
1231 3807 1264 3847 an
1280 3790 1299 3846 f.
1316 3808 1349 3847 au
1365 3791 1384 3846 l.
1402 3792 1446 3853 F,-

302 3873 432 3932 lilexPR
518 3874 578 3931 247
602 3874 690 3948 Cfiv.
709 3875 746 3931 13
833 3883 874 3932 est
889 3877 920 3932 ir.
936 3878 972 3947 F,
989 3867 1146 3932 estBsee.
1162 3894 1199 3932 m.
1287 3875 1346 3932 248
1370 3877 1446 3931 inF

300 3963 404 4017 iterum
422 3967 491 4031 post
512 3980 536 4017 u.
561 3959 636 4016 262:
662 3960 717 4015 lnv.
741 3962 819 4016 tacita
843 3963 922 4016 citius
948 3962 1051 4016 inimica
1077 3962 1202 4016 Irascitur
1287 3962 1389 4016 minute
1410 3963 1444 4016 ir.

302 4047 444 4101 Erasmus
530 4044 590 4102 249
608 4043 639 4099 ‘C
730 4043 791 4101 250
814 4046 925 4102 Seneca
947 4048 1028 4118 epist.
1051 4044 1106 4117 04,
1124 4045 1173 4102 28.
1205 4046 1284 4101 Viae.
1301 4046 1376 4101 Bell.
1400 4062 1443 4117 sp.

300 4133 327 4186 d.
343 4129 379 4201 4,
395 4129 452 4201 83,
471 4130 517 4186 TC
601 4129 768 4203 Magnanimo
790 4131 904 4186 iniuriae
925 4148 947 4185 r.
971 4147 996 4186 o.
1019 4137 1062 4186 est
1082 4132 1218 4186 Pithoeus
1310 4129 1369 4186 251
1394 4129 1446 4186 EC

308 4214 388 4271 Vino.
404 4216 479 4271 Bell.
496 4231 538 4286 sp,
555 4217 582 4270 d.
599 4213 629 4285 4,
647 4213 706 4272 133
793 4233 860 4270 max.
877 4233 936 4289 sup.
954 4216 980 4272 h.
995 4217 1030 4286 F,
1046 4216 1140 4270 hostes
1156 4216 1285 4270 inarimos
1299 4213 1445 4270 debellavit

303 4300 328 4354 Τ
413 4299 474 4355 252
499 4299 542 4371 Cf.
565 4299 625 4356 331
726 4301 809 4355 ictum
831 4302 871 4372 F,
893 4301 993 4356 lactum
1010 4299 1146 4356 Pithoeus
1245 4299 1445 4356 tacendoBet

301 4383 482 4440 Paathaleoa
500 4387 655 4456 explicans
677 4382 740 4452 ‘Qui
755 4393 865 4458 peccato
881 4387 960 4441 etiam
975 4385 1142 4440 mendacium
1159 4385 1247 4455 addit,
1265 4383 1308 4440 bis
1323 4385 1444 4458 peccat’:

301 4468 442 4524 tacendum
456 4470 491 4540 P,
507 4477 638 4525 tacentem
654 4469 712 4525 RF
794 4469 877 4526 facies
895 4471 919 4526 R
