3252 5180
601 451 874 505 raonncounua.
1275 435 1312 504 17

169 604 242 670 culo
270 607 450 692 posteriore
479 608 600 695 scripto
628 630 704 672 suus
734 618 783 674 est
810 631 907 692 usus,
936 630 1009 673 cum
1030 610 1222 695 praesertim
1245 610 1313 673 eius

168 708 355 772 testimonio
382 707 539 772 nonnulla
567 708 752 794 firmentur,
782 732 864 795 quae
893 711 927 773 in
954 711 1136 795 antiquiore
1164 709 1313 773 Parisino

168 817 224 872 aut
252 808 339 874 lectu
362 808 512 874 difficilia
534 819 611 875 sunt
632 819 689 874 aut
711 810 831 876 iniuria
852 818 1034 898 temporum
1056 810 1152 897 plane
1174 832 1312 875 evanue·
1410 839 1415 846 ·

167 919 254 973 runt.
300 910 352 975 Of.
375 910 417 974 ad
440 933 472 974 v.
494 911 569 979 297.
592 913 689 976 Prov.
712 913 764 976 24.

159 1062 187 1105 „
253 1011 413 1076 Parisinis
442 1012 612 1098 proximus
643 1021 693 1077 est
716 1022 748 1077 et
771 1023 879 1080 aetate
901 1023 933 1078 et
956 1014 1101 1080 bonitate
1129 1014 1164 1099 3)
1188 1015 1314 1080 codex

167 1109 518 1198 Rheinaugiensis
542 1113 584 1177 95
607 1113 681 1200 (R),
703 1136 790 1179 nunc
805 1114 1004 1198 Turieensis,
1028 1136 1112 1180 saec.
1128 1115 1192 1178 ΙΧ·.
1214 1137 1313 1179 mem-

168 1212 361 1296 branaceus,
385 1214 477 1277 euius
499 1215 649 1280 notitiam
672 1215 776 1280 debeo
797 1216 947 1304 Conrado
962 1217 1114 1298 Bursian,
1137 1216 1314 1302 professori

167 1313 354 1378 Turieensi.
400 1313 553 1378 Continet
568 1315 782 1396 Miscellanea
797 1339 839 1382 ex
854 1316 912 1383 SS.
928 1317 1094 1401 Patribus,
1117 1318 1220 1400 veluti
1235 1316 1312 1381 Ter-

165 1413 296 1479 tulliani
311 1414 541 1500 fragmentum,
565 1417 643 1481 item
660 1430 814 1506 excerpta
830 1419 1087 1484 exorationibus
1104 1417 1212 1482 Curtii
1225 1418 1312 1497 Rufi,

167 1516 210 1579 de
232 1515 351 1602 quibus
374 1517 532 1582 disseruit
547 1519 713 1584 Arnoldus
729 1520 808 1607 Hug
829 1523 864 1585 in
886 1521 991 1586 musei
1005 1518 1156 1583 Rhenani
1175 1519 1228 1602 20,
1253 1520 1311 1583 117

167 1640 229 1703 sq,
254 1640 327 1704 pag.
352 1619 667 1684 91-114ANNE1
690 1621 886 1686 SENIOAE
908 1620 1181 1685 PROUERBIA.

253 1720 288 1806 4)
311 1720 451 1786 Codex
473 1720 714 1787 Turieensis
732 1723 803 1810 (Τ),
820 1722 857 1787 Ο.
875 1723 925 1805 78,
947 1721 1212 1786 membranaceus
1228 1743 1312 1785 saec.

165 1819 231 1885 IX.
256 1843 351 1906 quem
380 1826 562 1888 accuratius
591 1823 766 1911 descripsit
796 1824 849 1889 Jo.
872 1824 970 1910 Gasp.
999 1822 1141 1887 Orellius
1170 1824 1205 1887 in
1233 1821 1312 1885 Hel-

164 1923 278 2008 perico
306 1945 361 2010 pg.
390 1924 474 1988 2-6
503 1923 687 2011 (Helperioi
714 1924 856 1992 Karalus
887 1925 1027 2010 Magnus
1062 1935 1094 1989 et
1120 1924 1188 1988 Leo
1216 1946 1311 2010 papa,

164 2023 281 2087 Turici
315 2024 423 2110 1832).
467 2025 586 2090 Insunt
617 2029 709 2091 varia
745 2026 803 2093 SS.
834 2025 968 2090 Patrum
1002 2025 1176 2112 opuscula,
1209 2023 1313 2089 veluti

163 2123 361 2190 Columbani
377 2125 546 2213 epistulae,
563 2128 719 2215 Dionysii
735 2128 868 2194 Catonis
885 2127 1036 2210 disticha,
1052 2127 1212 2191 Prisciani
1227 2128 1311 2213 peri-

163 2227 291 2311 egesis,
321 2225 377 2291 fol.
403 2228 461 2292 157
485 2228 652 2318 usquead
675 2228 730 2293 fol.
750 2231 810 2294 159
833 2239 962 2294 centum
986 2229 1098 2291 decem
1120 2228 1311 2308 sententiae,

160 2350 286 2412 magna
308 2351 351 2392 ex
372 2337 465 2414 parte
480 2329 616 2394 Publilii
632 2330 719 2419 Syri,
744 2329 803 2395 sed
824 2331 871 2395 ita
885 2330 1098 2417 interpolatae
1112 2339 1211 2415 atque
1225 2327 1310 2413 glos-

163 2430 211 2494 sis
241 2438 273 2493 et
300 2431 597 2517 interpretamentis
627 2432 792 2516 foedatae,
821 2442 857 2497 ut
884 2432 1035 2496 monaehi
1062 2452 1193 2495 manum
1214 2430 1248 2492 in
1271 2430 1311 2493 iis

162 2529 263 2594 facile
284 2549 454 2616 agnoscas.
498 2531 646 2597 Titulum
668 2534 849 2620 praefixum
872 2555 943 2599 esse
964 2532 1090 2598 nullum
1111 2531 1185 2596 ideo
1205 2532 1311 2595 minus

161 2631 352 2696 mirandum
383 2642 448 2717 est,
477 2635 554 2720 quia
582 2632 701 2699 desunt
729 2636 910 2700 sententiae
936 2635 1130 2721 incipientes
1153 2655 1172 2696 a
1193 2633 1325 2728 litteris,

162 2733 197 2796 A
213 2744 246 2797 et
260 2733 303 2797 B.
348 2734 414 2800 Eas
438 2736 617 2800 sententias
635 2738 725 2821 (nam
739 2759 854 2802 versus
870 2738 930 2814 uix
945 2737 1050 2818 dicas)
1067 2738 1190 2823 primus
1207 2734 1313 2799 edidit

163 2835 198 2899 J.
229 2834 326 2921 Oasp.
356 2835 499 2902 Orellius
527 2839 571 2901 ad
605 2836 726 2903 calcem
753 2837 894 2903 Phaedri
928 2838 1112 2902 fabularum
1141 2859 1308 2934 novarum,

162 2959 220 3023 pg.
236 2937 373 3020 48-54,
397 2937 573 3003 admodum
594 2949 757 3018 accurate,
779 2942 1041 3025 interpunctione
1057 2940 1155 3003 etiam
1170 2949 1310 3020 servata,

163 3061 240 3125 qua,
264 3060 337 3103 cum
359 3038 416 3105 illo
438 3039 567 3105 saeculo
591 3043 669 3106 satis
693 3042 736 3106 sit
758 3040 912 3123 insolens,
936 3040 1006 3105 ludi
1020 3041 1177 3125 magister
1193 3039 1310 3125 aliquis
1371 3054 1375 3062 ’

162 3140 401 3227 discipulorum
424 3142 601 3207 commodis
625 3143 757 3207 videtur
779 3143 965 3207 inservisse.

249 3240 284 3326 5)
308 3243 446 3309 Codex
467 3244 716 3309 Basiliensis
739 3245 812 3331 (B),
837 3244 984 3329 signatus
1007 3242 1085 3309 olim
1107 3242 1151 3306 K.
1174 3243 1239 3307 ΙΙΙ.
1256 3242 1309 3324 34,

163 3366 251 3408 nune
273 3347 316 3408 A.
338 3345 380 3409 N.
401 3345 461 3410 IV:
481 3348 531 3428 11,
554 3368 639 3411 saec.
663 3347 708 3410 X.
730 3348 765 3411 in
788 3369 850 3433 quo
873 3355 947 3433 post
969 3344 1160 3411 Sallustium
1182 3355 1310 3410 senten·
1380 3356 1389 3371 ²

163 3447 229 3510 tiae
252 3445 457 3511 Publilianae
480 3443 644 3530 ἀκέφαλοι
665 3471 768 3534 usque
791 3448 833 3512 ad
856 3471 887 3510 v.
903 3447 965 3511 296
987 3447 1150 3532 leguntur.
1188 3447 1221 3511 Is
1238 3467 1309 3509 ver-

48 3611 52 3616 ,
162 3570 220 3612 sus
244 3570 317 3613 eum
339 3549 375 3612 in
396 3548 461 3613 fine
483 3550 706 3636 quaternionis
730 3552 872 3636 scriptus
888 3549 941 3630 sit,
965 3556 1043 3634 quot
1058 3549 1228 3613 sententiis
1243 3571 1308 3631 am-

163 3649 249 3736 plior
271 3649 371 3715 fuerit
392 3649 448 3714 ille
471 3650 566 3734 liber,
590 3653 677 3716 unde
699 3652 893 3738 descriptus·
906 3658 966 3731 est,
991 3649 1164 3713 diiudicari
1186 3651 1309 3735 nequit.

163 3750 263 3814 Hunc
291 3774 419 3838 quoque
446 3751 592 3816 codicem
620 3754 709 3840 typis
733 3752 981 3840 exprimendum
1004 3751 1132 3815 curavit
1154 3750 1309 3833 Orellius,

162 3852 235 3918 loco
260 3876 358 3940 supra
379 3854 524 3918 indicato
539 3876 594 3940 pg.
611 3855 752 3938 37—483
771 3864 919 3932 ¹ceterum
934 3855 969 3917 in
985 3874 1021 3916 eo
1037 3852 1143 3918 minus
1159 3847 1309 3917 accurate

162 3953 273 4020 officio
296 3978 353 4021 suo
376 3955 508 4021 functus
532 3965 598 4039 est,
622 3955 709 4042 quod
730 3978 796 4021 uon
818 3958 896 4020 satis
920 3954 1084 4036 distinxit,
1109 3976 1191 4040 quae
1212 3976 1308 4017 manu

163 4056 308 4121 secunda
329 4057 443 4122 addita
464 4067 520 4122 aut
543 4068 688 4123 correcta
710 4066 796 4122 sunt.

163 4230 308 4280 adnotatio
324 4230 423 4295 aliqua
440 4231 469 4280 in
487 4231 613 4296 margine
632 4231 791 4296 quaerenda
809 4229 958 4290 indicatur,
977 4230 1026 4280 sed
1043 4229 1105 4287 hoe,
1125 4229 1159 4277 de
1178 4243 1231 4291 quo
1251 4201 1308 4290 a'gi-

162 4329 237 4377 mus,
262 4315 291 4378 (i.
309 4331 333 4364 e.
352 4316 482 4380 quaeret)
508 4319 583 4366 certe
600 4315 674 4366 inter
693 4314 889 4379 antiquissima
906 4315 961 4364 fuit
978 4317 1006 4363 et
1023 4313 1069 4363 vel
1087 4313 1187 4362 nostris
1205 4318 1308 4377 tempo·
1415 4357 1420 4368 ,

162 4399 239 4449 ribus
259 4415 275 4448 a
293 4398 387 4449 multis
409 4403 566 4465 usurpatur.
602 4401 643 4451 Eo
667 4401 747 4464 signo
770 4399 843 4450 male
865 4398 1023 4460 intellecto,
1047 4412 1106 4446 cum
1124 4395 1233 4446 librarii
1251 4393 1309 4460 qui,

162 4495 215 4548 quc
231 4482 277 4534 vel
296 4483 399 4534 similia
419 4484 609 4550 depingerent,
628 4483 732 4535 multae
751 4483 876 4549 profecto
895 4487 971 4533 ortae
990 4485 1054 4531 sunt
1074 4480 1253 4545 corruptelae.

213 4576 340 4616 Puunnuus
354 4576 435 4617 Snus.
1087 4568 1102 4615 2
