3252 5180
312 430 353 494 28
749 448 1021 496 1000000000.

312 603 373 687 pis
395 600 538 664 Adami
561 601 750 682 Sartorii,
774 600 860 664 unde
882 599 925 665 ad
947 600 1033 665 huno
1054 623 1158 688 usque
1180 600 1267 665 diem
1290 599 1452 668 Sartorius

312 704 397 766 inter
425 702 566 767 editores
588 700 723 766 Publilii
751 701 852 766 fuisse
881 701 1080 789 perhibetur.
1126 702 1208 794 Quis
1238 725 1314 767 vero
1342 703 1452 786 fuerit,

312 805 368 890 qui
390 805 513 891 primus
528 802 664 868 Publilii
682 825 796 868 versus
812 803 1040 888 Frisingenses
1055 803 1243 890 perpolivit,
1266 826 1326 868 nec
1339 803 1453 870 lectori

282 911 285 916 '
312 904 457 992 prodidit
487 903 592 969 editor
618 925 678 967 nec
706 903 872 989 Scaligero
901 915 969 970 tum
999 906 1154 992 temporis
1183 908 1350 991 cognitum
1377 906 1452 970 fuit.

313 1007 368 1072 Sic
384 1008 481 1070 ‘enim
509 1007 546 1074 iu
572 1004 711 1090 epistula
738 1006 799 1070 351
828 1007 871 1069 ad
900 1005 1054 1072 Carolum
1081 1006 1273 1072 Labbaeum
1302 1009 1451 1095 scripsit:

312 1108 442 1172 ‘Mimos
471 1107 524 1171 edi
551 1105 683 1193 plurimi
711 1105 862 1189 fecerim,
890 1117 926 1173 ut
948 1106 1098 1173 Loiolitis
1122 1107 1452 1193 ingolstadiensibus,

312 1208 464 1274 monstris
491 1207 825 1290 maledicentissimis,
855 1231 890 1273 os
913 1209 1099 1292 obturetur,
1128 1211 1185 1295 qui
1206 1209 1308 1276 multa
1329 1231 1380 1273 me
1402 1210 1451 1273 in-

307 1309 438 1374 ‘dustria
459 1309 618 1391 omisisse,
641 1306 706 1372 alia
727 1310 825 1373 etiam
847 1311 1043 1394 pervertisse
1066 1309 1195 1393 dicunt,
1219 1311 1351 1376 XVIII.
1375 1309 1451 1374 Kal.

313 1411 516 1492 11001500,
541 1411 630 1474 0110
652 1411 747 1497 epist.
768 1412 832 1476 360
853 1412 984 1476 ‘Mimos
1007 1411 1167 1499 publicari
1189 1422 1322 1498 propter
1344 1411 1452 1497 Ingol-

284 1559 287 1564 -
311 1511 510 1576 stadiensem
532 1511 792 1598 paedagogulum
814 1515 984 1600 permagni
1004 1514 1099 1596 facio,
1123 1515 1178 1599 qui
1194 1515 1301 1578 omnia
1315 1536 1366 1578 me
1379 1535 1451 1600 per-

312 1615 451 1679 vertisse
469 1610 603 1695 scribit,
627 1635 726 1700 quum
748 1623 856 1678 tamen
877 1637 919 1678 ne
941 1614 1068 1700 syllaba
1091 1614 1222 1702 quidem
1244 1615 1286 1680 ab
1310 1614 1453 1680 editione

312 1715 491 1780 Pithoeana
518 1713 734 1779 discesserim.
780 1716 933 1781 Omnium
955 1715 1168 1782 Loiolitarum
1195 1715 1452 1782 contumeliosis-

312 1818 388 1882 simi
409 1813 685 1901 Ingolstadienses
708 1826 794 1880 sunt.
838 1817 946 1903 Lugd.
970 1819 1043 1881 Bat.
1059 1817 1123 1881 III.
1146 1817 1452 1899 Non.Dec.1608’,

313 1941 395 2005 quae
405 1917 507 1982 verba
521 1918 607 1983 hunc
622 1917 833 2004 praefationis
846 1918 1119 2004 Ingolstadiensis
1134 1918 1240 1983 locum
1255 1911 1451 2007 respiciunt:

313 2019 473 2104 ‘Scaliger
499 2021 534 2084 in
559 2018 666 2082 lucem
688 2018 780 2084 dedit
801 2020 926 2106 aliquot
947 2022 1063 2085 mimos
1087 2020 1174 2108 Syri.
1219 2019 1345 2084 Vellem
1368 2021 1451 2084 indi-

313 2131 429 2206 casset,
453 2122 526 2207 quis
548 2120 597 2185 illi
618 2122 653 2184 in
669 2120 745 2207 Syri
767 2121 911 2188 editione
934 2122 1055 2186 fundus
1079 2132 1111 2186 01
1133 2143 1269 2208 quorum
1291 2120 1452 2207 exempla-

312 2225 395 2288 rium
428 2222 526 2286 fidem
561 2230 691 2287 secutus
722 2223 775 2287 sit.
820 2221 885 2288 Suo
914 2223 1050 2288 arbitrio
1080 2223 1161 2287 alios
1193 2225 1308 2289 mimos
1336 2231 1452 2305 mutat,

311 2325 393 2390 alios
415 2324 546 2390 omittit.
590 2323 660 2388 Nee
682 2323 774 2388 deest
796 2324 992 2412 exemplum,
1014 2324 1072 2389 ubi
1095 2347 1227 2390 versum
1240 2325 1374 2390 Laberii
1394 2347 1453 2412 pro

313 2426 472 2492 Publiano
495 2427 611 2512 ponit'.

398 2528 450 2592 De
472 2528 533 2591 hao
549 2524 683 2593 Publilii
706 2527 848 2592 editione
863 2526 1129 2612 Ingolstadiensi‚
1153 2549 1235 2614 quae
1258 2529 1388 2613 saepius
1409 2527 1452 2592 ad

313 2629 435 2694 calcem
450 2628 572 2693 Mureti
593 2649 728 2714 operum
750 2630 890 2715 repetita
905 2639 966 2711 est,
989 2628 1079 2695 velut
1094 2628 1231 2714 ingolst.
1250 2629 1342 2711 1603,
1362 2631 1452 2709 1608,

281 2725 284 2732 ’
314 2731 461 2796 Venetiis
487 2729 579 2810 1618,
602 2729 734 2816 Lipsiae
759 2731 840 2795 1672
863 2739 996 2796 eurante
1019 2730 1090 2795 Jao.
1113 2731 1306 2812 Thomasio,
1328 2731 1452 2796 ibidem

245 2863 247 2868 ·
317 2834 397 2898 1690
418 2829 602 2918 sumptibus
626 2831 699 2896 Joh.
723 2830 863 2914 Grossii,
886 2833 1037 2898 Veronae
1053 2833 1146 2915 1729,
1169 2833 1299 2897 Patavii
1318 2832 1399 2898 1740
1421 2842 1454 2896 01

203 2971 206 2982 ·
315 2935 407 3016 1769,
430 2943 600 3020 propterea
623 2932 771 3020 pluribus
792 2933 968 3000 dicendum
983 2943 1062 3018 erat,
1087 2934 1163 3020 quia
1178 2942 1228 2997 est
1243 2935 1335 3020 quasi
1351 2933 1453 2998 altera

313 3035 522 3119 Erasmiana,
551 3034 586 3099 id
615 3044 664 3098 001
687 3033 787 3099 editio
809 3035 962 3122 princeps
984 3059 1139 3102 versuum
1160 3059 1180 3100 a
1202 3035 1319 3100 litteris
1342 3035 1458 3100 N-V

312 3137 555 3223 incipientium,
583 3157 644 3200 000
665 3145 775 3200 tamen
797 3138 948 3227 cuiquam
971 3138 1131 3202 editorum
1153 3138 1389 3220 recentiorum,
1412 3159 1454 3200 ne

313 3239 520 3322 Schweigero
543 3236 675 3322 quidem
697 3239 837 3322 cognita.
882 3237 1063 3303 Laudanda
1085 3248 1134 3304 est
1157 3238 1212 3302 vel
1233 3239 1294 3302 hoc
1311 3239 1453 3319 nomine,

314 3338 401 3427 quod
429 3339 556 3404 litterae
583 3336 818 3403 110.οΕ
848 3339 986 3424 singulis
1019 3340 1170 3405 versibus
1202 3341 1370 3426 appositae
1396 3349 1454 3403 aut

312 3465 378 3506 non
399 3436 772 3528 appositaedeclarant,
795 3449 903 3504 utrum
925 3440 974 3505 illi
995 3443 1031 3506 in
1053 3441 1295 3527 exemplaribus
1318 3442 1454 3505 Henriei

315 3542 490 3630 Stephani,
519 3539 717 3623 Godofredi,
747 3540 907 3627 Scaligcri
929 3544 1017 3607 etin
1039 3541 1151 3608 codiee
1173 3541 1375 3627 Frisingensi
1397 3563 1452 3606 ex-

315 3656 384 3709 tent
406 3665 517 3724 necne,
542 3651 574 3706 et
596 3641 682 3728 quod
704 3643 811 3739 editor
832 3644 867 3707 in
889 3646 1120 3709 commentario
1143 3645 1256 3708 critico
1277 3645 1385 3708 varias
1401 3665 1452 3708 00-

315 3746 398 3810 111010
414 3745 453 3809 F.
470 3745 626 3808 lectiones
650 3766 691 3808 ex
713 3754 805 3830 parte
827 3744 943 3811 saltem
966 3737 1121 3810 enotavit.
1166 3745 1232 3811 Sed
1253 3747 1287 3809 in
1302 3745 1453 3810 versibus

315 3845 550 3912 constituendis
573 3833 859 3933 expurgandisque
881 3847 1008 3911 mendis
1030 3849 1166 3912 nimium
1190 3869 1261 3911 sese
1274 3845 1454 3932 applicavit

314 3948 436 4015 codicis
459 3949 655 4033 scripturae,
683 3949 729 4012 ita
750 3958 787 4013 ut
809 3958 940 4035 postero
962 3948 1081 4015 editori
1103 3948 1264 4034 permulta
1285 3946 1454 4033 reliquerit

315 4050 469 4130 sananda,
492 4069 553 4112 nec
575 4047 679 4112 levius
702 4047 856 4113 damnum
879 4071 916 4115 eo
938 4049 1049 4115 attulit
1071 4048 1225 4131 Publilio,
1249 4048 1335 4135 quod
1350 4047 1451 4115 Scali-

314 4174 392 4238 gero
414 4151 588 4216 obsecutus
610 4149 652 4214 ab
676 4172 712 4214 eo
727 4151 841 4215 ordine
857 4151 1008 4233 descivit,
1032 4174 1095 4237 quo
1111 4148 1258 4235 singulae
1273 4151 1453 4216 sententiae

313 4257 349 4320 in
376 4252 543 4320 codicibus
572 4253 772 4338 perscriptae
800 4263 886 4317 sunt.
931 4254 982 4322 cf.
1011 4252 1097 4318 infra
1123 4251 1252 4338 Proleg.
1282 4273 1362 4338 cap„
1382 4251 1454 4315 IIII

313 4356 417 4421 initi0.

397 4455 550 4541 Plerique
577 4457 804 4542 sospitatorem
831 4454 963 4521 alterius
991 4456 1225 4523 sententiarum
1254 4456 1356 4541 partis
1386 4453 1408 4518 J
1414 4476 1453 4518 a·
