3252 5180
616 425 891 510 Puonueounun.
1312 449 1330 512 7

182 627 362 700 oneratum,
385 615 541 681 iocularia
561 623 712 700 agentem
734 635 807 678 cum
829 613 956 678 medico
979 614 1149 679 advocato.
1195 613 1270 694 Qua
1292 616 1327 679 in

183 742 219 783 re
246 717 346 784 nolim
375 717 525 804 equidem
551 738 672 802 negare
702 716 883 801 antiquitus
905 715 1002 780 unius
1026 716 1117 780 mimi
1140 716 1242 780 fuisse
1264 717 1329 803 pri-

183 823 302 884 marias
325 829 445 907 partes,
467 818 608 904 reliquos
631 815 856 881 archimimum
878 815 1046 882 adiuvisse
1067 817 1202 882 vocibus
1217 818 1328 881 admo-

183 925 260 986 dum
282 944 355 987 raro
376 921 575 1003 interiectis,
601 918 659 984 sed
681 917 799 984 hocin
821 927 934 1004 aperto
957 929 1017 1001 est,
1040 919 1184 983 inductis
1208 942 1328 985 sermo-

183 1023 280 1088 nibus
303 1011 438 1088 alter'nis
462 1030 493 1086 et
514 1030 610 1086 aucto
633 1021 805 1084 mimorum
826 1040 959 1084 numero
976 1019 1072 1085 facile
1087 1020 1159 1084 fieri
1173 1022 1330 1108 potuisse,

183 1135 219 1190 ut
247 1125 338 1189 mimi
367 1135 511 1209 tempore
539 1122 735 1209 procedente
764 1119 806 1184 ad
833 1119 1081 1185 similitudinem
1104 1120 1329 1187 Atellanarum
1419 1157 1422 1162 ·

183 1225 469 1313 amplificarentur,
492 1224 527 1287 id
543 1232 643 1289 estut
665 1222 821 1287 inlocum
837 1223 918 1304 eius,
942 1222 1029 1308 quod
1045 1225 1206 1311 principio
1222 1215 1329 1288 fuerat

183 1350 340 1415 personae
367 1329 458 1390 reivc
486 1327 628 1391 comicae
655 1324 925 1411 repraesentatio,
955 1325 1041 1389 iusta
1069 1324 1253 1390 fabularum
1279 1348 1329 1389 ar·
1374 1405 1380 1426 Ι

182 1421 575 1514 gumenta'sucoederent,
600 1425 653 1490 vel
670 1436 705 1491 ut
720 1447 837 1511 graeco
854 1424 1013 1492 vocabulo
1029 1435 1103 1489 utar
1117 1449 1137 1490 a
1152 1426 1329 1492 Plutarcho

183 1553 311 1618 quoque
332 1532 366 1595 in
394 1528 588 1594 definiendis
618 1528 709 1592 mimi
737 1527 911 1612 generibus
934 1538 1107 1615 usurpate,
1137 1524 1328 1605 ὑποθέσεις.

183 1632 289 1719 quue
325 1631 427 1696 multo
459 1640 535 1695 ante
569 1639 715 1717 tempora
745 1626 878 1694 Sullana
907 1627 1029 1694 factum
1057 1640 1106 1695 est
1144 1630 1201 1714 (cf.
1232 1631 1329 1696 Mart.

183 1733 357 1798 Hertzium
378 1734 413 1796 in
436 1732 549 1797 Jahnii
571 1730 755 1812 annalibus,
779 1729 843 1795 vol.
868 1729 919 1811 93,
943 1752 997 1816 pg.
1020 1731 1108 1816 581),
1133 1741 1165 1797 et
1187 1734 1234 1796 ita
1256 1733 1327 1818 qui-

184 1834 271 1917 dem,
291 1845 329 1900 ut
350 1837 384 1898 in
407 1831 563 1898 catulario
580 1834 679 1896 mimo
693 1831 838 1913 Laberii,
863 1831 920 1916 (cf.
936 1831 1115 1896 Ribbeckii
1132 1833 1255 1898 Comic.
1272 1833 1328 1897 lat.

184 1937 301 2022 fragm.
325 1959 379 2023 pg.
403 1936 466 2000 240
488 1945 521 1999 et
543 1932 728 2020 Scylacem,
755 1955 812 2020 pg.
833 1933 912 2017 249)
941 1934 976 1997 in
998 1933 1143 1999 eiusdem
1168 1935 1270 2000 ariete
1291 1959 1330 1998 ac

182 2049 276 2104 tauro
304 2037 400 2122 (ibid.
430 2059 484 2124 pg.
506 2036 579 2101 238.
607 2035 702 2120 250),
731 2036 767 2099 in
794 2036 902 2100 scrofa
928 2033 1125 2120 grundiente
1153 2036 1249 2121 (ibid.
1272 2057 1352 2124 pg.·

182 2139 255 2221 249,
278 2161 310 2202 v.
334 2140 389 2226 82)
412 2138 509 2201 facile
529 2158 687 2222 agnoscas
694 2185 703 2218 ,
726 2137 845 2223 quibus
868 2137 973 2201 initiis
996 2139 1114 2204 mimus
1136 2137 1179 2202 ad
1202 2148 1329 2204 tantum

182 2242 418 2304 incrementum
433 2239 628 2327 pervenerit.
669 2240 738 2303 Nec
754 2239 915 2312 immerito
930 2237 1064 2302 Laberii
1088 2240 1181 2304 ‘Late
1196 2239 1328 2326 loquen-

183 2347 245 2413 tes’
261 2343 283 2405 i.
300 2363 327 2404 e.
344 2339 586 2422 πλατυλόγους,
610 2349 642 2404 et
657 2338 806 2422 ‘Gallos',
823 2361 960 2426 quorum
976 2361 1157 2406 sermonem
1171 2342 1329 2406 rusticum

182 2453 279 2530 poeta
300 2443 336 2506 in
357 2441 537 2506 ludibrium
560 2443 698 2507 vertisse
720 2440 883 2528 putandus
908 2442 1008 2526 est*),
1033 2463 1105 2506 cum
1128 2441 1229 2508 Ulixe
1252 2464 1327 2508 con-

181 2546 282 2627 feras,
306 2543 482 2628 ‘Fullones
505 2544 717 2627 Piscatorcm,
740 2543 940 2620 Restionem,
958 2542 1183 2610 Staminarias'
1208 2554 1239 2609 ct
1253 2544 1328 2609 rcli-

136 2679 141 2690 ·
182 2669 249 2734 qua
270 2646 471 2734 opificiorum
492 2667 613 2730 genera
634 2646 670 2709 in
690 2645 798 2709 mimis
826 2643 992 2732 descripta
1016 2667 1088 2709 cum
1111 2645 1252 2711 mulione
1275 2645 1329 2709 vel

182 2749 360 2831 causidico,
384 2747 424 2812 de
446 2746 564 2834 quibus
586 2746 684 2813 modo
705 2745 807 2810 verba
822 2746 969 2811 fecimus.
1007 2746 1072 2812 Sed
1089 2748 1249 2834 quomodo
1269 2750 1328 2812 mi-

164 2872 255 2914 -mus
282 2849 401 2937 aliquis
430 2850 607 2935 inscriptus
636 2871 708 2913 esse
730 2849 873 2936 potuerit
895 2847 1043 2913 ‘Marius’
1073 2849 1135 2933 (ita
1157 2872 1200 2913 ex
1222 2851 1328 2915 conie-

182 2961 276 3017 ctura
293 2951 451 3016 scribitur
474 2951 564 3019 (lom.
581 2949 636 3014 lat.
656 2973 711 3037 pg.
726 2949 815 3033 245),
839 2971 899 3034 ego
922 2949 1054 3036 quidem
1075 2971 1140 3015 non
1161 2973 1328 3037 assequor.

269 3053 394 3118 Horum
421 3054 575 3117 memoria
602 3051 854 3140 primordiorum
875 3073 918 3114 ne
939 3050 1174 3137 posterioribus
1198 3053 1329 3139 quidem

83 3141 86 3150 ¹
181 3155 385 3241 temporibus
419 3154 592 3219 obscurata
621 3163 680 3218 est.
725 3149 824 3234 Quod
853 3148 937 3216 enirn
964 3151 1051 3236 'olim
1078 3175 1136 3218 suo
1164 3154 1235 3218 iure
1263 3153 1328 3219 dici

181 3255 309 3321 solebat
332 3258 479 3321 ‘mimum
500 3264 626 3341 agere',
649 3277 724 3319 cum
745 3277 828 3318 unus
851 3262 977 3339 ageret,
1008 3254 1069 3320 hoc
1091 3257 1240 3343 usurpari
1262 3278 1329 3321 nou

181 3359 324 3422 desitum
347 3367 412 3440 est,
442 3378 515 3440 cum
537 3357 581 3420 ad
602 3358 737 3421 mimum
759 3356 923 3442 agendum
945 3377 1011 3420 non
1033 3357 1239 3443 paucioribus
1262 3357 1327 3422 his-

180 3459 345 3526 trionibus
367 3481 449 3550 opus
472 3468 567 3542 esset,
592 3481 688 3546 quam
703 3459 738 3523 in
752 3457 887 3544 reliquis
904 3457 1087 3523 fabularum
1105 3461 1329 3524 scaenicarum

181 3560 368 3646 generibus.
412 3560 483 3624 Iam
499 3561 600 3646 igitur
622 3559 792 3624 dicebatur
806 3561 941 3624 mimum
959 3582 1067 3645 agere,
1090 3582 1155 3625 non
1170 3561 1226 3646 qui
1242 3559 1328 3626 solus

180 3657 306 3728 actoris
326 3673 434 3750 partes
458 3662 659 3745 sustinebat,
691 3663 746 3727 sed
772 3684 854 3726 unus
878 3663 1032 3749 quisque,
1059 3663 1150 3727 cuius
1173 3663 1208 3726 in
1230 3663 1328 3728 mimo

181 3762 310 3850 agendo
342 3762 470 3850 aliquae
504 3773 596 3829 erant
623 3774 748 3851 partes,
782 3765 854 3828 sivo
884 3764 1024 3849 primae,
1056 3765 1128 3829 sive
1155 3763 1328 3828 secundae.

182 3865 278 3947 Quae
299 3865 419 3931 locutio
443 3888 517 3931 cum
538 3864 636 3930 facile
658 3887 799 3930 errorem
820 3887 991 3952 procreare
1010 3867 1164 3952 potuerit,
1188 3888 1253 3930 non
1267 3867 1327 3930 mi-

181 3990 254 4032 rum
277 3967 461 4052 videbitur,
484 3968 561 4032 inde
581 3967 699 4032 falsam
720 3967 809 4032 illam
832 3969 1018 4054 opinionem
1040 3976 1144 4068 ortam
1167 3976 1199 4034 et
1221 3989 1325 4055 usque

250 4156 275 4225 *)
295 4159 392 4210 Utrum
411 4159 526 4210 ‘Tusca’
545 4173 652 4224 quoque
665 4159 780 4210 Laberii
797 4158 850 4208 huc
868 4158 964 4221 faciat,
984 4173 1021 4209 an
1038 4157 1129 4224 potius
1144 4155 1329 4222 intelligenda

182 4245 221 4294 sit
238 4239 368 4304 meretrix
384 4245 443 4296 vici
459 4244 554 4308 Tusci,
572 4243 685 4295 videant
703 4243 762 4294 alii.
799 4242 842 4294 Cf.
860 4243 952 4294 Plaut.
974 4242 1055 4294 Cure.
1067 4244 1126 4296 482,
1145 4243 1212 4292 Hor.
1232 4241 1290 4292 Sat.
1298 4244 1328 4322 ,2,

182 4335 211 4395 3,
232 4332 291 4380 228.
310 4357 342 4366 -
360 4331 534 4380 Priscianum
552 4330 586 4379 X.
604 4332 634 4393 8,
660 4345 684 4394 p.
704 4331 753 4379 900
775 4329 806 4382 P.
825 4329 971 4394 scripsisse
991 4328 1112 4378 conicio:
1136 4323 1279 4378 Publilius
1296 4324 1329 4377 ia

181 4409 362 4466 Mmmilloae
381 4414 474 4478 (vulgo
492 4411 720 4476 Mmmuatboue,
737 4409 935 4464 Murmurcoae
953 4411 997 4463 vel
1015 4407 1204 4476 Murmidoae)
1225 4407 1329 4463 ‘Gallus

182 4502 322 4554 seruorum
340 4497 484 4553 converri&
529 4562 531 4572 Ι
892 4509 898 4521 ¹
