3252 5180
311 437 330 500 6
746 451 1020 499 raonnconmsn.

310 605 406 694 plane
428 605 575 670 diversos
596 628 616 668 a
638 607 755 669 ceteris
779 604 966 670 comoediae
993 606 1185 690 generibus,
1215 628 1288 670 cum
1311 616 1344 671 et
1366 609 1454 672 iusto

311 707 441 772 fabulae
463 715 655 791 argumento
679 717 836 787 carerent,
859 708 976 770 necin
998 707 1188 771 universum
1210 708 1244 778 in
1267 730 1385 772 scaena
1401 711 1456 794 agi

312 809 462 874 solerent.
506 808 610 873 Immo
640 831 723 895 quae
749 807 792 871 de
818 807 885 872 illis
908 830 1090 872 scurrarum
1112 808 1259 873 artificiis
1281 812 1455 874 memoriae

311 911 442 999 prodita
469 919 561 992 sunt,
589 911 670 974 satis
698 909 865 974 declarant
886 912 921 974 in
943 909 1125 974 exercenda
1145 921 1215 974 arte
1237 912 1368 976 mimica
1390 937 1456 978 non

312 1014 413 1078 fuisse
434 1012 541 1077 locum
562 1013 628 1077 nisi
649 1014 706 1076 uni
728 1012 841 1076 actori.
886 1011 941 1077 Sic
955 1010 1100 1077 Eudicos
1123 1014 1297 1099 pugilesct
1316 1015 1455 1080 athletas

312 1115 434 1180 imitari
456 1113 582 1179 solebat
604 1113 740 1200 (Athen.
759 1116 787 1196 l,
805 1113 844 1178 19
859 1113 918 1197 F),
938 1115 986 1178 sic
1003 1113 1152 1179 Oenonas
1168 1114 1291 1181 Ulixen
1312 1137 1370 1203 per
1385 1115 1454 1182 lon-

313 1240 371 1303 gos
401 1237 525 1280 errores
553 1217 654 1302 patrii
681 1215 839 1280 sermonis
867 1215 1004 1286 oblitum
1031 1225 1062 1280 et
1090 1217 1229 1281 barbara
1257 1217 1454 1304 loquentem,

314 1319 361 1383 sic
383 1316 812 1381 Theodorus‘troehlearum
835 1318 993 1403 crepitum
1020 1316 1120 1401 (Plut.
1144 1317 1185 1382 de
1206 1319 1281 1382 aud.
1304 1329 1389 1406 poet.
1416 1321 1455 1384 18

313 1420 373 1504 Β),
402 1419 450 1482 sic
471 1418 655 1483 Parmenon
677 1441 766 1483 suem
788 1417 1017 1504 grundientem
1040 1417 1140 1502 (Plut.
1164 1431 1287 1506 quaest.
1311 1444 1456 1509 sympos.

313 1521 376 1586 674
386 1520 426 1603 Β,
442 1521 661 1605 Paroemiogr.
677 1522 796 1606 graeci,
814 1519 865 1584 ed.
874 1519 1030 1603 Leutsch,
1042 1521 1181 1608 append.
1194 1521 1239 1585 Il.
1250 1523 1301 1605 87,
1315 1522 1455 1587 Phaedr.

312 1621 378 1687 fab.
400 1623 431 1704 5,
454 1621 500 1706 5),
522 1623 571 1685 sic
594 1624 692 1687 etiam
715 1621 843 1688 saeculo
867 1632 981 1709 quarto
1003 1646 1035 1709 p.
1060 1622 1135 1687 Chr.
1160 1633 1299 1688 exeunte
1321 1624 1452 1689 Marcus

314 1722 447 1812 quidam
469 1722 716 1810 quadrupedum
737 1734 769 1789 et
783 1725 895 1788 avium
908 1746 1006 1788 voces
1022 1733 1105 1788 teste
1120 1725 1268 1790 Ausonio
1285 1727 1386 1814 epigr.
1404 1728 1455 1792 76.

313 1826 410 1906 Mitto
431 1824 528 1889 alios:
553 1848 628 1889 nam
642 1825 878 1890 interciderunt
892 1827 1033 1906 nomina,
1056 1835 1092 1890 ut
1113 1824 1217 1904 illins,
1240 1830 1294 1910 qut
1310 1831 1473 1910 primata·

314 1929 433 1993 ιἰιιιιι11
453 1928 626 1992 causidicos
647 1928 771 1991 imitari
793 1927 906 2013 (Jahn,
930 1949 1017 2014 spec.
1041 1916 1196 2014 epigrsp.
1220 1929 1273 2010 38,
1296 1928 1337 1992 N.
1363 1931 1450 2014 107),

315 2028 370 2092 vel
398 2029 454 2114 qui
483 2027 589 2092 ebrios
613 2028 748 2112 (Athen.
775 2030 828 2112 14,
852 2029 930 2111 621,
954 2029 1006 2113 Ο).
1052 2028 1104 2112 Of.
1127 2028 1240 2093 Jahnii
1262 2020 1388 2115 Proleg.
1411 2033 1455 2095 ad

314 2131 464 2195 Persium
478 2153 533 2218 pg.
548 2130 736 2195 LXXXIV
750 2153 821 2218 sqq.
837 2139 869 2195 et
884 2129 1023 2216 Grysari
1037 2129 1184 2194 libellum
1206 2130 1276 2195 ‘der
1295 2132 1457 2197 rtimische
1564 2166 1569 2171 ¹

314 2233 449 2298 Mimus’
473 2254 526 2319 pg.
551 2234 656 2319 lsqq.
701 2231 768 2314 Qui
790 2232 849 2298 tali
870 2231 967 2296 modo
989 2233 1091 2296 risum
1113 2231 1299 2315 movebant,
1324 2237 1457 2322 proprie

315 2333 509 2398 dicebantur
530 2337 662 2400 ιιι1ιιιιιιιι
683 2356 790 2418 agera
812 2335 903 2399 mimi
920 2333 1001 2398 dicti
1016 2342 1092 2398 sunt
1108 2343 1139 2398 et
1155 2356 1286 2398 scurrae
1303 2345 1334 2400 et
1349 2338 1457 2423 ipsum

316 2433 491 2523 spectaculi
512 2457 630 2520 genus:
655 2435 714 2501 sed
734 2458 911 2526 numquam
933 2435 1054 2520 singuli
1077 2456 1192 2500 versus
1214 2437 1386 2501 mimorum
1400 2461 1456 2504 no-

316 2559 390 2601 men
417 2535 612 2601 habuerunt.
656 2536 712 2602 Mt
701 2559 795 2617 ιιιιιιε,
824 2547 862 2602 ut
888 2537 935 2601 ait
956 2535 1133 2602 Diomedes
1163 2537 1375 2623 (p.1491,13
1398 2539 1457 2623 Κ.)

315 2638 529 2704 estscrmouis
550 2641 639 2704 caco
590 2640 760 2705 actitatae
780 2644 880 2705 motas
900 2640 969 2705 siae
988 2641 1170 2719 reverentia,
1193 2641 1240 2705 ccl
1251 2587 1318 2720 secl
1318 2648 1452 2706 oramct

316 2741 397 2826 [dict
397 2740 506 2824 oram]
533 2742 674 2823 turpiam
701 2762 771 2806 ιιιιιι
800 2743 908 2808 lasciui
898 2764 930 2807 ιιι
957 2743 1049 2807 iccio
1016 2743 1109 2820 tectim
1141 2743 1279 2823 παίγνια
1312 2741 1455 2829 appellat

316 2841 508 2908 Plutarchus
532 2851 655 2928 quaest.
672 2864 815 2930 sympos.
832 2843 862 2924 7,
879 2843 909 2926 8,
925 2844 957 2906 4.
1001 2841 1135 2908 Scurras
1151 2841 1276 2908 modo
1267 2867 1302 2907 ιιι
1318 2845 1457 2927 circulis,

316 2941 467 3008 adstante
496 2942 666 3030 plebecula
694 2944 864 3031 spectandi
891 2945 1027 3032 cupida,
1055 2953 1159 3008 artem
1185 2944 1345 3009 ludicram
1368 2969 1459 3012 exer-

263 3097 268 3106 .
318 3048 434 3128 cuisse,
457 3045 553 3110 modo
574 3046 609 3108 in
632 3046 794 3110 conviviis
817 3046 957 3111 divitum
980 3067 1053 3110 cum
1073 3067 1131 3133 per
1146 3068 1181 3109 se
1196 3057 1457 3131 consentaneum,

306 3145 387 3226 tum
418 3146 648 3213 nonnullorum
684 3157 851 3213 auctorum
887 3148 1081 3213 testimoniis
1116 3148 1359 3234 comprobatum
1393 3160 1459 3233 est;

319 3248 443 3314 Sullam
464 3249 623 3335 imprimis
646 3249 742 3313 huius
765 3249 891 3314 farinae
912 3251 1020 3315 mimis
1036 3259 1068 3315 et
1084 3249 1303 3314 saltatricibus
1320 3250 1457 3315 delecta-

316 3360 385 3415 tum
408 3371 479 3414 esse
500 3358 613 3415 auctor
636 3360 686 3416 est
707 3350 901 3415 Plutarchus
923 3352 959 3414 in
979 3353 1050 3416 vita
1072 3350 1192 3434 Sullae,
1216 3373 1287 3437 cap.
1310 3355 1331 3417 2
1353 3361 1384 3417 et
1406 3353 1458 3416 36.

309 3451 410 3516 'Haec
432 3451 592 3517 haetenus
607 3452 648 3516 de
662 3454 764 3518 altero
779 3453 950 3517 mimorum
964 3474 1094 3538 genere,
1118 3452 1204 3540 quod
1220 3455 1350 3541 proprie
1366 3463 1460 3518 extra

318 3577 467 3620 scaenam
489 3554 608 3640 agebat
609 3578 656 3619 ur.

402 3657 517 3742 Neque
538 3665 649 3720 tamen
670 3652 854 3721 mirandum
875 3665 924 3721 est
945 3657 980 3719 in
1001 3656 1091 3721 theat
1078 3665 1128 3720 tra
1150 3678 1277 3743 quoque
1298 3656 1459 3723 admissos

243 3781 248 3794 ·
319 3780 389 3822 esse
410 3758 538 3842 mimos,
561 3757 618 3823 ubi
641 3767 696 3822 aut
683 3757 843 3822 tembolii
858 3768 914 3822 aut
901 3757 1089 3823 texodii
1058 3779 1131 3823 v1ce
1145 3757 1317 3844 iungerent
1318 3781 1366 3823 ur
1404 3758 1454 3823 ef.

318 3859 393 3924 Liv.
418 3861 452 3940 7,
475 3859 511 3942 2,
537 3861 587 3923 11.
631 3859 703 3923 Iam
731 3858 783 3922 fac
811 3858 877 3944 illi,
906 3861 962 3946 qui
989 3859 1148 3924 muliones
1176 3860 1298 3926 imitari
1324 3860 1459 3942 solebat,

319 3960 463 4044 (Petron.
487 3960 555 4026 Sat.
578 3960 634 4046 68)
664 3971 792 4047 praesto
814 3961 917 4026 fuisse
938 3961 1078 4044 mulum3
1107 3959 1160 4024 fac
1182 3959 1246 4043 illi,
1277 3963 1333 4049 qui
1356 3963 1458 4025 causi-

319 4061 408 4127 dicos
431 4061 678 4147 ludificabatur,
708 4062 893 4146 adstitisse,
918 4085 1014 4150 quern
1035 4084 1154 4148 magna
1175 4085 1255 4128 voce
1278 4065 1460 4149 increparet

320 4164 374 4227 vel
404 4165 460 4250 qui
487 4164 633 4228 accusati
655 4172 764 4251 partes
787 4173 914 4250 ageret:
944 4186 984 4228 en
1005 4166 1091 4228 iacta
1113 4173 1188 4229 sunt
1209 4165 1304 4229 initia
1326 4163 1459 4248 dialogi,

319 4267 376 4353 qui
398 4267 470 4351 ipse
492 4265 649 4330 dramatis
672 4267 766 4352 quasi
787 4267 860 4332 fons
884 4289 954 4332 esse
977 4275 1065 4330 recte
1086 4266 1260 4331 iudicatur.
1299 4266 1375 4330 Huc
1390 4288 1460 4352 per-

320 4368 417 4448 tinet,
447 4368 535 4454 quod
562 4367 750 4434 Athenaeus
782 4369 836 4451 10,
859 4367 923 4433 452
950 4368 978 4431 F
1007 4368 1155 4432 narravit
1182 4367 1223 4432 de
1250 4367 1461 4433 Ischomache

319 4470 434 4534 mimo:
457 4470 621 4535 imitatum
644 4492 717 4536 eum
740 4492 811 4536 esse
832 4469 996 4537 hominem
1017 4471 1175 4536 rusticum
1197 4471 1274 4536 vino
1294 4455 1461 4558 epulisque
