3252 5180
604 471 877 520 ineundorum.
896 461 898 466 '
1255 457 1314 523 =57
1341 529 1344 536 ⁴

256 622 418 711 Sequente
440 631 637 688 consonante
658 645 697 690 us
718 624 778 710 (a')
802 625 923 712 corripi
944 647 1053 712 posse,
1082 645 1164 712 quae
1187 635 1236 690 est
1257 649 1313 690 an-

160 727 347 812 tiquiorum
369 733 537 812 poetarum
559 723 706 814 licentia,
736 749 849 813 parum
872 725 1029 791 credibile
1053 737 1118 810 est,
1147 749 1219 791 cum
1242 749 1313 814 per-

133 827 267 915 ·pauoi
294 847 425 907 versus,
454 827 629 913 inquibus
657 827 691 891 id
715 827 837 892 factum
866 849 937 892 esse
960 828 1107 912 videtur,
1137 827 1313 892 lenissimis

162 927 324 992 remediis
360 929 467 992 sanari
495 929 630 1014 possint.
676 928 727 993 Of.
756 951 788 992 v.
816 929 890 1004 387,
920 930 993 995 632.
1037 930 1153 1018 Itaque
1181 929 1315 995 videtur

163 1028 348 1112 Publilius,
376 1029 418 1093 ob
440 1051 621 1094 sermonem
650 1030 861 1115 purissimum
888 1040 978 1096 tauto
1002 1053 1096 1119 opere
1120 1030 1313 1114 celebratus,

165 1135 298 1196 inerte
321 1153 449 1217 quoque
471 1131 716 1219 pangendorum
738 1153 892 1196 versuum
914 1135 1046 1220 propior
1069 1155 1140 1198 sese
1155 1133 1313 1219 Vergili0,

166 1256 268 1320 quam
284 1233 398 1297 Plauto
421 1241 453 1296 et
475 1233 627 1297 Lucretio
650 1255 788 1319 quoque,
810 1245 847 1299 ut
870 1256 1001 1299 versum
1015 1236 1077 1299 638
1094 1237 1227 1321 (praci')
1245 1258 1314 1300 non

165 1336 353 1424 profectum
376 1356 447 1398 esse
468 1357 488 1397 a
510 1332 651 1404 Publilio
674 1329 732 1421 prd
756 1345 844 1400 certo
866 1336 1023 1400 affirmari
1045 1337 1160 1424 possit.

256 1435 416 1516 Quintum
438 1437 638 1501 senariorum
659 1435 776 1522 pedem
790 1460 863 1501 raro
878 1437 1054 1501 admodum
1069 1447 1217 1503 constare
1233 1439 1313 1501 iam-

167 1541 214 1604 bo
241 1561 322 1626 puro
355 1560 407 1602 res
436 1548 484 1602 est
517 1540 699 1603 notissima.
744 1521 999 1603 Excusationem
1037 1538 1167 1626 quidem
1197 1538 1317 1604 habent

167 1639 330 1706 vocabula
358 1641 500 1726 quinque
528 1638 582 1704 vel
609 1662 668 1705 sex
692 1638 907 1728 syllabarum,
936 1663 987 1706 ex.
1011 1664 1060 1726 gr.
1085 1665 1117 1705 v.
1140 1642 1182 1706 34
1201 1643 1315 1706 sollici-

169 1745 304 1821 titulae,
338 1763 370 1804 v.
391 1743 439 1805 ts
468 1744 701 1822 miscricordia-
735 1741 794 1806 sed
821 1752 908 1807 recte
937 1745 1069 1830 pessimi
1098 1765 1213 1807 versus
1244 1763 1315 1807 csse

167 1846 374 1926 iudicantur,
410 1865 481 1907 cum
515 1844 664 1929 quintum
693 1854 724 1908 et
752 1854 882 1909 sextum
914 1843 1031 1932 pedem
1065 1844 1130 1912 duo
1158 1843 1316 1909 vocabula

169 1943 335 2032 bisyllaba
357 1954 541 2031 occupant„
571 1944 682 2025 Quare
704 1945 784 2010 ferri
805 1943 893 2011 nullo
916 1946 1011 2012 modo
1034 1949 1141 2034 potuit
1163 1968 1195 2011 v.
1220 1947 1278 2011 10:

459 2101 557 2162 Amici
580 2106 649 2162 cilio
670 2106 696 2162 n·
717 2105 806 2177 serua
827 2105 903 2177 sacis
924 2110 985 2173 tuo,

171 2251 230 2314 sed
262 2248 484 2337 adstipulante
518 2249 629 2314 codice
657 2250 833 2315 Basiliensi
867 2248 1075 2314 scribendum
1108 2251 1172 2315 fuit
1202 2253 1314 2333 focius

172 2352 399 2440 Suspicionem
425 2351 578 2416 movebat
600 2351 654 2415 vel
675 2375 694 2415 a
716 2362 819 2418 metro
842 2374 874 2416 v.
897 2352 960 2418 536
984 2402 990 2418 .
1015 2402 1022 2416 .
1047 2401 1054 2418 .
1078 2355 1174 2418 datur
1189 2354 1316 2435 probis·

170 2437 338 2518 reicienda
360 2452 424 2517 fuit
447 2476 479 2516 v.
502 2453 565 2517 322
588 2455 787 2518 coniectura:

312 2613 417 2670 Minus
439 2618 479 2670 cst
501 2632 589 2685 utrum
610 2631 709 2672 seruus
731 2615 885 2681 dominus,
898 2617 949 2686 qni
969 2632 1037 2673 snos
1059 2615 1146 2672 timot.

170 2759 212 2823 V.
236 2759 297 2824 307
322 2758 344 2842 (.
366 2808 376 2838 ‚.
400 2809 407 2822 .
430 2761 514 2840 iouis
535 2760 650 2845 potest)
680 2761 829 2845 quintum
855 2761 972 2848 pedem
1001 2761 1164 2847 spondeus
1192 2760 1314 2846 explet,

170 2873 207 2926 ut
230 2861 326 2925 modo
349 2859 503 2942 vidimus,
526 2883 591 2924 non
613 2859 753 2926 iambus.
797 2855 956 2948 Adeoque
972 2861 1132 2927 Publilius
1154 2864 1189 2926 in
1205 2863 1317 2947 quinta

171 2964 250 3028 sede
271 2959 431 3027 vocabula
452 2962 592 3026 iambica
615 2963 764 3044 evitavit,
788 2972 824 3027 ut
847 2985 878 3026 v.
894 2965 969 3046 584,
993 2985 1088 3050 quem
1110 2962 1240 3050 plurimi
1256 2983 1314 3049 pro

171 3066 301 3129 senario
317 3063 449 3144 habent,
471 3061 622 3128 maluerit
638 3066 781 3130 scribere
790 3067 899 3146 possit,
924 3087 1021 3150 quam
1037 3063 1124 3151 quod
1140 3063 1195 3126 lex
1209 3085 1315 3147 gram-

166 3167 291 3230 matica
313 3162 509 3252 postulabat,
528 3170 636 3247 potest.
680 3165 785 3230 Multa
806 3167 841 3228 in
863 3176 1033 3252 utramque
1055 3173 1181 3253 partem
1204 3164 1316 3251 dispu-

171 3269 235 3331 tari
257 3289 352 3354 posse
374 3266 416 3330 de
439 3267 624 3331 coniectura
645 3277 757 3331 nostra
778 3267 821 3330 ad
843 3290 876 3331 v.
899 3267 960 3333 651
983 3266 1110 3354 prolata
1192 3287 1196 3293 ·
1228 3294 1234 3302 ·

445 3424 507 3483 Viri
529 3425 598 3484 boni
619 3431 659 3484 cst
680 3428 788 3486 nescire
809 3428 954 3486 iniuriam
970 3430 1047 3500 poti,

171 3575 237 3661 ipsi
258 3573 436 3638 amicorum
450 3570 729 3637 admonitionibus
745 3576 874 3659 experti
889 3596 1009 3637 sumus.
1048 3573 1115 3638 Sed
1129 3570 1316 3658 scrupulum

171 3677 327 3750 iniectum
349 3674 390 3738 de
412 3674 521 3739 iambo
544 3675 579 3737 in
600 3674 684 3763 pede
707 3676 820 3760 quinto
842 3673 985 3771 admisso
1009 3676 1124 3739 eximit
1146 3696 1179 3737 v.
1201 3673 1264 3738 592

360 3852 364 3860 ·
417 3834 508 3907 Saepe
529 3834 702 3910 iynosccndo
724 3820 773 3892 des
795 3835 923 3892 iniuriae
945 3835 1045 3901 locum,

169 3981 363 4066 praesertim
386 4001 459 4043 cum
480 4002 545 4044 non
567 3982 609 4045 sit
631 3980 826 4045 vocabulum
847 3978 1063 4067 bisyllabum,
1092 3978 1180 4066 quod
1202 3979 1315 4044 sedem

172 4083 320 4168 quintam
348 4080 490 4164 obtinet3
521 4103 581 4145 nec
607 4082 709 4146 firmis
739 4084 939 4167 argumentis
963 4083 1070 4146 evinci
1092 4090 1214 4168 potest,
1244 4101 1316 4143 eum

172 4184 234 4268 qui
251 4183 378 4246 nesciat
399 4183 552 4248 iniuriam
574 4185 653 4269 pati,
677 4185 861 4250 necessario
885 4184 951 4247 dici
973 4186 1078 4248 uirum
1098 4184 1234 4263 fortem·
1265 4179 1315 4244 ef.

172 4283 248 4350 Seu.
272 4283 314 4346 de
335 4283 466 4372 provid.
490 4285 518 4365 1,
541 4285 571 4349 5.
596 4286 626 4349 6.
649 4285 682 4368 2,
706 4286 734 4348 1.
757 4286 787 4348 4.
812 4286 841 4349 6.
867 4287 896 4350 9.
919 4286 950 4366 3,
976 4286 1069 4348 lete.
1115 4282 1316 4347 Sententiam

165 4384 260 4472 xquod
287 4387 406 4449 attinet
413 4419 427 4469 ,·
451 4388 633 4474 promptior
661 4408 738 4450 sane
766 4396 817 4450 est
845 4383 1019 4472 explicatio
1045 4384 1210 4448 hominem
1232 4382 1315 4447 chri-

171 4488 314 4552 stianum
343 4487 525 4552 correxisse
552 4490 710 4554 calamam
736 4489 853 4569 fucere,
883 4508 979 4571 quam
1007 4485 1178 4572 librarium
1206 4487 1315 4552 nescio
