3228 5184
322 469 381 534 122
707 484 926 534 snursurmn
950 449 1064 534 suaso

403 638 482 704 Cum
507 639 548 702 de
568 638 664 702 unius
685 636 831 703 moribus
853 636 1026 722 iudicabis,
1050 637 1092 703 dc
1113 639 1253 727 publicis
1276 643 1399 728 cogita.

402 739 485 804 Cum
506 738 692 803 hominibus
714 760 838 825 pacem,
862 737 948 802 bella
970 761 1044 803 cum
1066 741 1158 804 vitiis
1180 742 1274 807 habe.

401 840 484 906 Oum
505 861 584 927 pare
603 839 798 904 contendere
819 838 984 924 indecens,
1008 863 1081 906 cum
1103 845 1269 930 superiore
1284 844 1467 927 furiosum,

925 963 998 1006 cum
1019 942 1173 1007 inferiore
1195 945 1376 1010 sordidum.

402 1043 585 1130 Cupiditati
606 1042 701 1108 tarda
723 1051 772 1108 est
795 1042 867 1129 ipsa
889 1041 1049 1108 celeritas.

339 1152 380 1212 90
401 1143 565 1209 Damnum
586 1145 652 1208 nisi
675 1143 939 1208 exabundantia
961 1167 1033 1208 raro
1056 1146 1159 1210 venit.

400 1247 508 1312 Datur
529 1248 654 1311 meritis
677 1247 836 1310 maiorum
858 1243 946 1310 nulla
968 1245 1084 1331 gloria.

400 1348 566 1412 Deformis
590 1347 756 1412 simiarum
779 1347 841 1411 erit
861 1345 1090 1433 pulcherrima.

400 1450 545 1514 Demens
569 1459 617 1513 est
640 1449 786 1537 quisquis
809 1457 954 1534 praestat
977 1449 1078 1513 errori
1101 1449 1210 1515 fidem.
1242 1484 1247 1490 ν
1327 1437 1329 1440 ’

401 1552 474 1616 Deo
496 1551 628 1615 favente
650 1551 786 1634 naviges
810 1549 862 1613 vel
886 1551 1019 1615 vimine.

339 1660 378 1717 95
401 1650 609 1718 Desiderium
631 1651 746 1716 melius
769 1652 874 1716 vitam
896 1651 1138 1740 custodliv]erit
1160 1674 1256 1741 quam
1279 1655 1388 1721 timor.

401 1753 483 1820 Dies
506 1752 699 1841 quandoque
720 1775 873 1837 noverca,
897 1753 1091 1841 quandoque
1114 1764 1163 1820 est
1184 1778 1312 1842 parens.

403 1853 550 1919 Difficile
572 1854 763 1919 reciduntur
786 1854 910 1942 [vitia],
934 1878 1016 1942 quae
1038 1856 1210 1921 nobiscum
1233 1860 1409 1936 creverint.

400 1954 576 2022 Difficilius
599 1965 649 2021 est
668 1955 846 2041 moderari,
870 1956 927 2022 ubi
948 1957 1053 2022 dolori
1075 1957 1215 2023 debetur
1236 1959 1334 2044 ultio,
1362 1983 1468 2048 quam

925 2057 982 2122 ubi
1005 2058 1164 2146 exemplo.

400 2159 539 2225 Discute
562 2159 648 2247 quod
669 2157 785 2224 audies
808 2181 913 2243 omne,
936 2159 1024 2246 quod
1047 2162 1161 2226 credas
1184 2161 1296 2248 proba.

319 2271 380 2328 100
400 2262 572 2326 Dissensio
595 2260 735 2352 abyalio,
758 2269 832 2325 ate
854 2261 898 2325 sit
919 2261 1151 2328 reconciliatio.

400 2361 588 2428 Dissolutus
611 2371 661 2428 est
681 2360 808 2426 deliciis
824 2362 916 2426 cuius
932 2361 1018 2428 latus
1032 2363 1139 2430 alieno
1154 2364 1265 2430 labore
1280 2366 1462 2434 condoluit.

399 2465 500 2531 Domi
521 2487 652 2530 manere
674 2465 782 2528 virum
804 2464 1005 2531 fortunatum
1028 2465 1132 2531 decet.

400 2568 542 2633 Domum
566 2569 621 2654 qui
644 2565 806 2650 aedificat,
829 2565 1010 2653 impolitam
1031 2589 1072 2630 ne
1094 2568 1191 2632 sinat.

400 2666 517 2733 Dulcis
539 2667 697 2732 malorum
719 2669 967 2754 praeteritorum
989 2669 1153 2734 memoria.

319 2776 377 2835 105
401 2771 488 2855 Eget
509 2771 614 2834 minus
636 2769 793 2852 mortalis,
818 2793 881 2856 quo
903 2771 1010 2835 minus
1033 2772 1132 2858 cupit.

350 2889 354 2894 '
400 2871 618 2959 Eleemosyna
632 2894 697 2936 non
711 2879 777 2934 tam
792 2872 1028 2959 accipientibus
1038 2894 1134 2958 quam
1147 2863 1301 2938 dantibus
1311 2873 1460 2960 prodest.

399 2973 525 3038 Eodem
545 2975 654 3039 animo
677 2973 871 3038 beneficium
893 2973 1039 3057 debetur,
1064 2997 1126 3060 quo
1149 2974 1256 3040 datur.

376 3235 415 3292 86
438 3235 475 3293 R.
489 3233 553 3291 Seu.
567 3233 601 3289 de
611 3233 689 3307 1112,
701 3234 751 3292 31.
764 3233 783 3292 5
842 3234 881 3293 87
905 3236 938 3292 F.
951 3235 987 3291 De
999 3251 1066 3291 mor.
1081 3234 1121 3293 34
1178 3234 1219 3292 88
1245 3235 1278 3292 R.
1295 3235 1359 3292 Seu.
1371 3236 1406 3292 de
1417 3238 1458 3293 ira

316 3319 346 3392 2,
359 3316 440 3391 34‚1
506 3318 545 3376 89
568 3320 616 3375 Pr.
633 3318 708 3376 Caco.
724 3319 797 3375 Balh.
810 3319 882 3376 llou.
899 3321 927 3392 1,
943 3320 992 3392 15,
1008 3337 1053 3393 pg.
1068 3319 1106 3376 19
1172 3319 1213 3376 90
1233 3321 1456 3378 Ps.Caec.Belb.

315 3404 388 3461 Mon.
402 3405 430 3476 1,
444 3404 494 3475 17,
506 3421 553 3477 pg.
568 3403 606 3460 19
672 3403 708 3460 91
735 3405 769 3460 F.
836 3405 876 3462 92
899 3395 1458 3478 Βο.91010103110011111116οπιθήκων

315 3478 532 3563 εὐμορφότατος
549 3475 718 3561 δύσμορφός
734 3482 811 3544 ἐστιν
826 3488 888 3545 0011.
905 3489 1040 3545 Heraclito
1056 3506 1098 3562 ap.
1115 3488 1183 3545 Plat.
1195 3488 1274 3564 Hipp.
1287 3492 1347 3545 mai.
1362 3489 1422 3548 289
1438 3493 1457 3546 B

380 3575 419 3633 93
443 3575 491 3631 Pr.
506 3573 567 3629 Seu.
583 3572 616 3629 de
631 3573 720 3634 benef.
733 3573 763 3645 4,
776 3574 815 3632 36
882 3573 922 3630 94
945 3574 998 3629 Βο.
1014 3572 1113 3629 Erasm.
1126 3573 1210 3648 Adag.
1223 3592 1250 3647 p.
1263 3574 1302 3629 14
1319 3593 1352 3632 ex
1367 3576 1454 3632 schol.

315 3661 452 3734 Aristoplr.
468 3655 544 3714 θεοῦ
559 3651 701 3726 θέλοντος
716 3649 774 3714 κᾶν
790 3651 838 3714 ἐπὶ
854 3647 940 3733 ῥιπὸς
954 3651 1052 3724 πλέοις
1124 3657 1163 3716 95
1188 3658 1228 3714 Gr
1244 3659 1272 3715 2.
1289 3659 1363 3718 Caes.
1380 3659 1454 3716 Balb.

315 3743 385 3800 lllon.
403 3744 432 3816 8,
449 3743 478 3816 2,
494 3762 540 3818 pg.
558 3743 595 3799 21
678 3744 716 3801 96
740 3745 792 3801 Βο.
808 3744 918 3800 Hesiod.
942 3760 1004 3818 opp.
1021 3741 1081 3800 825
1103 3730 1205 3798 ἄλλοτε
1227 3730 1354 3817 μητρυιὴ
1375 3737 1456 3800 πέλει

314 3818 424 3902 ἡμέρη,
446 3819 547 3884 ἄλλοτε
562 3817 670 3901 μήτηρ,
685 3827 807 3885 Favorin.
825 3846 865 3902 ap.
883 3828 996 3885 Gellium
1011 3828 1048 3884 17
1052 3871 1060 3899 ,
1074 3821 1156 3901 12,4
1225 3829 1264 3884 97
1287 3831 1325 3886 R.
1341 3829 1403 3884 Seu.
1420 3829 1455 3884 de

314 3913 496 3987 1102,18,2
541 3913 600 3970 ,98
625 3915 674 3970 Go.
692 3913 754 3969 Seu.
771 3914 804 3969 de
819 3914 896 3969 clem.
915 3915 943 3985 1,
956 3913 1038 3985 20,1
1110 3912 1149 3970 99
1175 3913 1223 3968 Gr.
1240 3912 1455 3969 0100011101-

315 3996 827 4072 111113.6000.0010.Ρο1.6911342
905 3999 965 4056 100
987 3999 1021 4056 F.
1037 3997 1073 4052 lle
1089 4014 1156 4054 mor.
1174 3996 1214 4053 49
1287 3998 1344 4055 101
1369 3999 1403 4053 R.
1421 4015 1455 4054 ex

314 4085 373 4141 cod.
390 4084 490 4158 Gryph.
512 4086 635 4141 collatus
656 4102 682 4138 a.
706 4085 792 4140 corde
813 4099 838 4138 c.
859 4083 920 4138 Seu.
943 4082 976 4138 de
996 4084 1033 4138 ira
1049 4082 1084 4156 2,
1102 4080 1193 4155 25,1
1317 4082 1374 4142 102
1398 4084 1452 4139 Βο.

188 4232 192 4244 ¹
316 4169 439 4243 Apostol.
459 4168 507 4240 12,
523 4168 563 4227 45
579 4163 657 4223 οἴκοι
673 4161 773 4240 μένειν
788 4163 834 4222 δεῖ
848 4158 899 4223 τὸν
914 4163 1009 4234 καλῶς
1024 4157 1187 4240 εὐδαίμονα
1252 4166 1311 4225 103
1335 4169 1386 4223 Βο.
1404 4166 1455 4222 lle·

315 4255 384 4311 siod.
400 4273 462 4329 opp.
477 4252 537 4312 746
553 4246 627 4326 μηδὲ
642 4243 733 4326 δόμον
748 4249 842 4309 ποιῶν
856 4243 1045 4321 ἀνεπίξεστον
1065 4247 1251 4308 καταλείπειν
1316 4251 1376 4310 104
1399 4252 1454 4308 Bo.

315 4339 367 4394 Cic.
384 4340 417 4396 de
433 4338 477 4394 011.
495 4337 529 4412 2,
546 4337 595 4414 34.
615 4338 715 4396 Erasm.
730 4338 813 4412 Adag.
835 4355 882 4412 pg.
898 4336 958 4394 499
1053 4336 1113 4395 105
1135 4336 1183 4394 Pr.
1201 4336 1276 4392 Caco.
1293 4335 1364 4392 Balb.
1382 4337 1454 4392 Mon.

317 4423 397 4496 12,8
413 4422 525 4499 pg.,23.
542 4422 604 4479 Seu.
621 4425 700 4498 epist.
718 4423 746 4495 2,
761 4424 787 4480 6.
805 4423 837 4479 de
853 4439 919 4478 mor.
933 4421 982 4478 46.
1006 4421 1045 4477 61.
1058 4439 1139 4495 supra
1154 4440 1178 4478 v.
1192 4421 1252 4479 286
1318 4421 1377 4478 106
1402 4422 1454 4478 Ge.

315 4507 351 4565 ne
366 4524 434 4566 mor.
452 4507 491 4564 55
579 4508 639 4566 107
662 4509 692 4565 S.
709 4507 772 4564 Son.
789 4508 823 4563 de
837 4505 925 4564 benef.
943 4507 971 4579 1,
991 4506 1018 4580 1,
1035 4507 1053 4564 8
