3228 5184
603 504 650 552 DE
672 502 836 551 MOR1BUS.

189 668 215 724 7.
241 660 370 746 Specta,
394 649 481 745 quod
504 668 537 723 te
559 677 735 744 numquam
757 658 934 744 paeniteat.

190 771 217 828 8.
241 763 315 828 Non
337 782 433 849 quam
456 759 566 824 multis
590 757 812 846 placeas,‘sed
835 758 986 846 qualibus
1010 758 1114 825 stude.

189 873 216 929 0.
240 864 281 927 ln
294 864 494 944 hoc(tamen)
506 861 669 943 incumbe,
680 869 717 926 ut
732 860 887 926 libentius
903 861 1016 926 audias
1026 883 1124 948 quam
1135 861 1287 949 loquaris.

172 974 217 1031 10.
239 963 359 1030 Multos
382 966 485 1029 vitam
508 963 693 1028 differentes
709 984 794 1026 mors
810 964 935 1028 incerta
949 964 1136 1049 praevenit:
1160 964 1290 1049 (itaquo)

241 1067 344 1132 omnis
368 1065 438 1130 dies
460 1065 551 1130 velut
573 1064 707 1129 ultimus
730 1062 924 1129 iudicandus
948 1072 1007 1128 est.

171 1178 217 1233 11.
241 1168 440 1250 Tristitiam,
464 1168 493 1230 si
515 1175 624 1253 potes,
647 1187 688 1229 ne
710 1163 900 1248 admiseris,
924 1166 1095 1249 siminus,
1119 1188 1159 1230 ne
1182 1175 1288 1232 osten-

245 1269 343 1334 deris.

172 1379 218 1436 11.
239 1371 371 1436 Amicos
394 1379 518 1434 secreto
540 1371 688 1452 admone,
711 1369 819 1456 palam
841 1366 948 1432 lauda.

170 1483 215 1538 13.
238 1472 348 1538 Verba
371 1471 479 1555 rebus,
502 1493 567 1537 non
588 1471 735 1560 personis
759 1469 963 1535 aestimanda
985 1480 1072 1536 sunt.

171 1582 217 1640 14.
241 1575 411 1668 Oratopem
440 1583 473 1638 te
501 1582 597 1661 puta,
632 1575 660 1637 si
687 1573 750 1639 tibi
776 1582 852 1638 ante
879 1594 1005 1657 omnes,
1036 1572 1123 1660 quod
1151 1582 1287 1660 oportet,

242 1675 452 1764 persuaseris.
1201 1681 1205 1690 '

171 1787 216 1844 15.
241 1777 287 1843 Ut
314 1777 483 1842 licentiosa
511 1777 673 1864 mancipia
700 1777 801 1841 animi
828 1778 966 1863 imperio
996 1798 1108 1842 coerce
1130 1777 1310 1863 linguam,

241 1889 398 1962 ventrem,
422 1878 604 1944 libidinem.

172 1990 216 2047 16.
238 1980 335 2063 Quod
362 1983 496 2047 tacitum
518 1979 601 2044 velis
624 2001 712 2064 esse,
740 1981 864 2045 nemini
893 1979 1028 2044 dixeris.
1074 1980 1110 2046 Si
1131 1980 1194 2046 tibi
1222 1982 1285 2069 ipsi

238 2105 302 2149 non
324 2083 504 2168 imperasti,
527 2080 689 2168 quomodo
711 2081 753 2147 ab
775 2080 849 2146 aliis
876 2082 1042 2146 silentium
1065 2082 1202 2168 speras?

173 2192 216 2250 17.
238 2183 424 2249 Ridiculum
454 2193 503 2250 est
523 2182 666 2272 aliquem
687 2182 762 2248 odio
784 2184 931 2249 nocentis
954 2185 1172 2249 innocentiam
1196 2208 1288 2250 suam

242 2285 387 2373 perdere.

171 2395 217 2452 18.
240 2388 387 2453 Monstro
410 2388 527 2453 similis
550 2396 600 2452 est
621 2388 762 2453 avaritia
784 2387 908 2452 senilis.
948 2387 1037 2468 Quid
1054 2388 1141 2452 enim
1156 2387 1287 2453 stultius

240 2498 300 2572 est,
323 2510 420 2576 quam
442 2491 498 2555 via
521 2488 691 2555 deficiente
714 2489 872 2554 viaticum
894 2489 1039 2578 augere?

29 2767 30 2790 ¹
148 2711 207 2806 osl’.
251 2749 315 2807 Sed.
332 2752 427 2807 Paris.
442 2755 493 2808 lat.
509 2751 591 2810 4841
608 2768 686 2808 sace.
701 2753 764 2824 IX,
787 2768 869 2826 quem
884 2756 913 2808 in
928 2769 1007 2826 seqq.
1024 2756 1123 2810 littera
1138 2754 1165 2810 P
1178 2757 1287 2826 nolani,

149 2831 199 2908 (cf.
214 2836 353 2909 Philolop.
378 2835 459 2907 VIII,
479 2836 538 2893 184
554 2835 607 2909 sq.)
636 2836 763 2892 libenter
782 2837 824 2892 lac
839 2837 912 2910 quod
928 2855 955 2894 n.
971 2845 1028 2902 est;
1052 2838 1076 2893 d.
1093 2856 1118 2911 p.
1137 2857 1160 2893 v.
1176 2839 1286 2895 Aeson.

155 2920 211 2976 VII
227 2935 292 2990 sap.
315 2919 385 2992 4,4
484 2922 501 2977 7
525 2917 656 2996 *Specta
672 2940 678 2975 ε
696 2928 822 2995 exspecta
841 2923 924 2992 libri,
951 2929 1060 2996 expetas
1083 2923 1194 2979 Haase.
1241 2921 1285 2994 Os.

148 3005 225 3062 Pell.
242 3004 310 3078 Syri
323 3012 395 3062 sent.
413 3005 490 3077 111,
505 3007 644 3064 Penand.
661 3023 709 3078 ap.
725 3007 808 3080 Diop.
824 3007 922 3062 Laert.
940 3007 973 3077 1,
990 3007 1029 3063 97
1053 3003 1161 3082 πρᾶττε
1182 2993 1288 3079 cipera-

146 3083 251 3162 ps'lqra
324 3088 343 3146 8
366 3090 513 3148 Martinus
529 3090 692 3147 Damiensis
706 3093 741 3147 de
753 3091 840 3162 form.
857 3093 922 3147 lori.
940 3095 1014 3148 citae
1031 3090 1060 3163 2,
1078 3093 1115 3148 11
1132 3089 1194 3149 ‘nec
1209 3108 1289 3165 quam

147 3173 234 3229 eruitis
255 3172 302 3228 sed
319 3174 443 3246 qualibus
459 3175 579 3248 placeas,
602 3175 704 3248 cogita'
793 3176 832 3232 10
853 3170 959 3252 itaque]
981 3181 1128 3247 posterior
1147 3181 1288 3233 sententia

146 3275 199 3314 non
220 3259 358 3315 cohaeret
379 3276 444 3315 cnm
463 3264 580 3331 priore:
602 3263 653 3316 illa
676 3263 749 3316 enim
770 3276 809 3316 ex
828 3267 915 3331 pocta
937 3263 1033 3334 aliquo
1053 3266 1208 3334 petita-est
1223 3261 1287 3333 (nid.

146 3344 254 3415 Prolcp.
267 3361 318 3416 pp.
334 3341 401 3414 35),
422 3345 496 3400 llaec
518 3351 561 3400 est
577 3345 708 3402 Senecae
730 3349 811 3415 epist.
830 3344 884 3418 12,
901 3345 920 3402 8
943 3346 1047 3420 ‘itaque
1068 3348 1108 3403 sic
1124 3346 1287 3402 ordinandus

146 3437 185 3482 cst
205 3427 263 3483 dics
284 3429 386 3496 omnis,
409 3434 544 3502 tamquam
565 3437 645 3503 cogat
667 3429 786 3503 agmeu’.
832 3429 922 3487 Simili
935 3433 1015 3488 inodo
1032 3433 1181 3488 abundant
1191 3434 1286 3502 parti-

146 3515 228 3568 culae
244 3520 333 3567 tamen
348 3511 365 3582 3
382 3513 411 3581 9,
428 3515 498 3568 enim
514 3513 562 3586 (al.
576 3513 676 3586 autem)
692 3514 709 3584 3
725 3513 756 3586 4,
772 3530 839 3588 ergo
855 3515 872 3586 3
890 3515 929 3571 28
945 3523 972 3572 et
988 3514 1039 3587 56,
1053 3516 1183 3587 fortasse
1198 3517 1287 3589 itaquo

145 3597 161 3667 3
177 3596 194 3651 2
237 3633 243 3642 -
271 3596 308 3652 11
332 3598 496 3654 Periander
512 3616 560 3670 ap.
576 3599 653 3655 Stob.
667 3602 732 3671 flor.
750 3599 779 3670 3,
798 3599 848 3670 79,
866 3600 883 3655 7
892 3617 898 3653 :
923 3593 1077 3674 δυστυχῶν
1093 3590 1202 3672 κρύπτε

147 3678 706 3755 liCssAnson.VI1sap.sent.5‚4
794 3683 832 3739 13
857 3683 1146 3758 Scn.epist.l2,11
1170 3685 1286 3756 ε0111ῑί,
1398 3685 1405 3698 ’

145 3767 229 3837 quiin
245 3763 326 3821 verba
341 3768 445 3839 iurant,
469 3783 518 3823 nec
534 3768 598 3842 quid
613 3767 717 3824 dicatur
732 3769 890 3840 aestimant,
913 3770 961 3827 sed
977 3787 990 3826 a
1008 3769 1085 3844 quo’.
1130 3771 1209 3828 Male
1225 3773 1287 3828 cod.

29 3901 30 3910 ,
145 3853 247 3923 aliquis
262 3851 359 3906 Paris.
374 3869 424 3925 pro
445 3850 526 3908 rebus
548 3870 602 3909 non
618 3870 668 3927 pro
684 3854 758 3908 sonis
847 3852 886 3908 14
908 3853 1022 3929 tibiipsi
1039 3859 1119 3913 codd.
1135 3872 1195 3913 rec.
1213 3859 1289 3929 qnod

29 3985 31 3990 ,
144 3939 295 4007 irrepsisse
322 3937 434 3993 videtur
456 3953 494 3995 ex
515 3937 532 4009 3
557 3938 594 3995 16
732 3936 771 3994 15
794 3939 874 3994 animi
896 3935 1023 4016 imperio]
1047 3943 1101 3997 acri
1121 3942 1230 4015 ingenio
1252 3943 1286 4012 P,

29 4037 30 4066 1
145 4021 195 4074 acri
209 4021 289 4075 animi
310 4020 422 4094 imperio
439 4025 560 4079 coniecit
577 4023 605 4079 0.
629 4023 765 4082 Schenkl.
812 4022 855 4095 Cf.
871 4025 952 4096 infra
974 4025 1070 4096 3117
1179 4025 1216 4082 16
1242 4025 1287 4097 Cf.

29 4087 31 4170 l
145 4105 245 4161 Aeson.
271 4105 331 4161 VII
343 4105 414 4176 Sap.
432 4107 466 4179 7,
483 4107 510 4165 3.
532 4107 670 4164 Proser-l.
689 4107 728 4164 75
751 4124 843 4179 supra
860 4125 910 4181 pp.
929 4110 1004 4180 101,
1028 4117 1054 4166 el
1069 4110 1152 4166 lact.
1174 4114 1238 4166 insi.
1257 4111 1286 4180 6,

145 4187 181 4244 23
197 4187 330 4264 ‘iniquum
346 4200 398 4261 cst,
416 4193 487 4248 ulid
504 4193 606 4267 exigas,
619 4193 692 4266 quod
708 4199 844 4267 praestare
859 4194 918 4265 ipsc
932 4210 988 4249 non
1004 4195 1106 4267 possis'
1174 4194 1212 4250 17
1229 4189 1285 4269 est]

145 4275 212 4328 eninr
228 4277 338 4332 addunt
354 4276 427 4347 GbS,
443 4280 478 4335 de
493 4294 549 4352 qno
567 4279 628 4334 vide
644 4279 857 4334 adrrotatlonem
872 4277 943 4348 11173
961 4278 1000 4336 10
1089 4278 1126 4335 18
1152 4277 1207 4334 Cic.
1225 4279 1285 4335 Cat.

144 4362 205 4413 moi.
224 4359 275 4431 18,
292 4359 331 4416 66
348 4357 474 4418 ‘Avaritia
495 4362 586 4417 senilis
603 4362 667 4435 qnid
689 4361 740 4418 sihi
762 4360 825 4417 velit
845 4379 900 4418 non
918 4362 1056 4438 intellego.
1100 4363 1195 4418 Potest
1216 4364 1286 4418 enim
1338 4394 1349 4422 s

145 4442 285 4516 quidquam
308 4461 367 4500 esse
389 4444 546 4518 absurdius,
569 4463 648 4521 quam
670 4464 724 4523 quo
748 4449 804 4502 viae
826 4448 912 4502 minus
934 4454 1034 4520 restat,
1062 4465 1094 4505 eo
1116 4447 1177 4524 plus
1200 4449 1287 4505 viatici
1352 4475 1361 4490 ·

146 4543 271 4599 quaerere
280 4529 304 4584 2’
