3228 5184
319 470 379 535 138
429 539 435 550 ,
771 483 819 533 22
842 485 1007 535 moninus.

339 647 386 704 19.
411 640 531 704 Omnes
554 637 695 705 infantes
718 647 805 703 terra
826 639 931 704 nudos
955 640 1096 728 excipit:
1125 663 1190 706 non
1212 649 1244 706 te
1266 641 1367 726 pudet
1390 663 1458 706 sor-

413 738 523 804 didius
546 740 659 804 vivere
682 762 778 826 quam
800 741 914 805 nasci?

339 849 387 908 20.
411 842 503 923 Quid
525 840 653 906 dulcius
676 864 773 927 quam
794 841 914 906 habere
938 843 1125 929 (amicum),
1153 865 1226 908 cum
1248 865 1310 930 quo
1332 843 1457 910 audeas

413 952 449 1007 ut
471 951 577 1007 tecum
600 944 709 1009 omnia
731 945 778 1008 sie
800 942 913 1030 loqui?
1030 970 1033 982 ¹

165 1077 168 1084 ν
263 1059 266 1064 “
338 1053 386 1109 21.
410 1046 601 1130 Magnarum
623 1045 744 1110 virium
766 1055 816 1111 est
837 1045 1011 1132 neglegere
1033 1045 1225 1112 laedentem.

337 1154 387 1210 22.
412 1145 502 1227 Quid
525 1147 569 1210 sis
592 1147 739 1230 interest,
763 1170 828 1212 non
850 1148 929 1234 quid
950 1144 1112 1212 habearis.

338 1255 388 1313 23.
412 1247 565 1313 Nondum
586 1247 669 1312 feliri
691 1271 735 1330 es,
760 1250 788 1314 si
809 1270 874 1313 222
896 1257 928 1313 te
950 1249 1047 1313 turba
1069 1247 1230 1313 deriserit.

337 1355 387 1414 24.
412 1349 448 1415 Si
471 1350 521 1415 vis
544 1349 660 1415 beatus
683 1372 764 1435 esse,
788 1351 896 1435 cogita
916 1349 978 1415 hoo
999 1351 1157 1438 primum:
1181 1350 1360 1416 Contemne
1383 1374 1459 1416 con-

414 1451 525 1516 temni.
1136 1534 1140 1540 Ι

337 1560 386 1617 25.
410 1555 604 1640 Priusquam
618 1553 800 1640 promittas,
816 1552 988 1636 deliberes,
1005 1563 1038 1619 et
1053 1575 1126 1619 cum
1140 1555 1328 1648 promiseris
1343 1541 1477 1618 faciasl'

338 1661 387 1720 26.
411 1654 451 1717 Id
477 1675 573 1740 agas,
604 1664 641 1721 ut
662 1677 703 1718 ne
726 1657 799 1742 quis
821 1655 938 1720 merito
959 1664 1016 1720 tuo
1038 1663 1071 1720 te
1093 1655 1210 1720 oderit.
1254 1655 1330 1719 Etsi
1351 1653 1461 1719 nullos

413 1757 562 1822 inimicos
585 1757 647 1822 tibi
669 1756 769 1822 faciat
791 1757 921 1839 iniuria,
944 1757 1064 1822 multos
1087 1757 1167 1822 facit
1188 1757 1325 1821 invidia.

339 1866 388 1922 27.
412 1857 629 1924 Solitudinem
651 1860 789 1944 quaerit,
813 1859 869 1945 qui
891 1858 964 1922 vult
986 1880 1059 1924 cum
1081 1857 1311 1925 innocentibus
1335 1856 1464 1922 vivere.

338 1967 387 2024 28.
413 1959 564 2046 Optimus
589 1961 696 2046 (ergo)
719 1962 845 2025 animus
868 1960 1104 2048 pulcherrimus
1129 1962 1183 2025 dei
1206 1959 1312 2024 cultus
1335 1967 1394 2023 est.

339 2069 387 2127 29.
410 2061 603 2127 Abstinebis
619 2060 725 2128 alieno
741 2064 910 2148 sanguine,
923 2061 1104 2128 abstinebis
1120 2061 1226 2127 alieno
1241 2061 1462 2126 matrimonio.

338 2172 388 2230 30.
410 2163 597 2229 Praestabis
625 2164 815 2251 parentibus
843 2165 1014 2251 pietatem,
1043 2165 1189 2250 cognatis
1211 2162 1463 2248 indulgentiam,

412 2265 524 2330 amicis
546 2265 657 2348 fidem,
681 2266 831 2331 omnibus
853 2266 1062 2352 aequitatem.

338 2374 388 2432 31.
411 2366 586 2433 Devitabis
609 2364 836 2433 crudelitatem
859 2375 890 2433 et
912 2367 1096 2432 ministram
1118 2364 1319 2434 crudelitatis
1341 2365 1438 2432 iram

402 2646 441 2703 19
464 2647 564 2704 Malim
578 2663 669 2704 nonne
685 2663 749 2705 cum
765 2647 937 2704 82222122ῖί2
1012 2646 1149 2704 sordidius
1165 2646 1245 2705 codd.
1263 2647 1463 2704 rcccnn'ores:
1497 2710 1501 2721 ¹

317 2732 415 2789 lortius
437 2735 535 2804 optimi
659 2733 748 2788 vivere
776 2749 854 2806 quam
878 2732 951 2788 nasci
977 2733 1058 2790 codd.
1079 2747 1159 2788 rccc.
1180 2737 1207 2788 et
1229 2730 1273 2788 Ga
1293 2748 1380 2788 manu
1403 2747 1464 2788 sec.

317 2818 390 2874 nasci
406 2832 485 2890 quam
500 2817 589 2872 vivere
605 2818 670 2873 reti.
701 2815 745 2889 Cf.
763 2817 829 2874 San.
844 2819 880 2873 de
892 2819 1005 2888 procid.
1022 2817 1051 2888 6,
1065 2817 1082 2874 6
1099 2813 1194 2872 ‘Nemo
1211 2822 1264 2871 tam
1279 2831 1382 2889 pauper
1397 2816 1465 2871 vivit

317 2918 396 2976 quam
417 2909 495 2957 natus
517 2901 580 2957 est'.
669 2900 710 2960 20
732 2902 789 2959 Cic.
811 2902 891 2961 Lael.
915 2901 949 2972 6,
966 2900 1005 2957 22
1032 2899 1114 2968 ‘Quid
1135 2899 1240 2957 dulcius
1264 2916 1343 2973 quam
1363 2899 1466 2956 habere

318 2987 426 3060 quicum
449 2987 539 3041 omnia
553 2985 650 3041 audeas
666 2987 705 3042 sic
719 2985 796 3061 loqui
810 2992 841 3041 nt
862 2985 982 3044 tecumt'
1006 2984 1156 3042 Servandus
1172 3000 1239 3059 ergo
1256 2991 1298 3040 est
1313 2985 1387 3046 omni
1402 2983 1467 3040 dili·

317 3072 408 3145 gentia
433 3087 495 3126 raro
516 3071 642 3126 inventus
664 3071 769 3127 amicus
798 3072 908 3128 addunt
934 3073 1014 3127 codd.
1037 3085 1115 3126 rece.
1160 3070 1291 3141 Respicit
1315 3069 1466 3126 Ciceronis

317 3159 485 3212 sententiam
505 3155 572 3212 Sen.
596 3159 676 3228 epist.
698 3155 735 3229 3,
752 3154 785 3210 2:
814 3155 958 3211 ‘Camillo
981 3152 1087 3226 (amico)
1113 3161 1167 3209 tam
1188 3153 1325 3210 audaciter
1349 3153 1467 3227 loquere

317 3255 396 3313 quam
416 3239 528 3296 tecum’.
617 3239 655 3295 21
680 3240 746 3297 Sen.
767 3242 870 3297 deira
891 3239 927 3311 2,
943 3239 999 3310 32,
1017 3239 1035 3296 3
1065 3236 1164 3312 ‘Magni
1186 3239 1265 3294 animi
1286 3245 1329 3294 est
1350 3239 1465 3294 iniurias

317 3322 477 3398 despicere?
571 3323 610 3380 22
633 3325 670 3380 sis
686 3342 738 3381 om.
753 3327 834 3382 codd.
851 3330 917 3381 cett.
1009 3322 1048 3380 23
1072 3323 1094 3378 si
1109 3321 1229 3379 nondum
1245 3322 1323 3378 turba
1339 3329 1367 3378 te
1384 3323 1463 3378 dimi-

316 3411 381 3465 serit
393 3409 511 3466 Haase:
525 3415 651 3467 ceterum
667 3415 864 3467 tetrametrum
880 3410 1058 3466 trochaicum
1073 3425 1131 3464 222
1147 3423 1272 3481 2922222
1331 3405 1372 3462 24
1389 3406 1464 3463 (lon-

316 3500 406 3550 temne
427 3495 563 3552 contemni
577 3495 736 3551 Proser-bio
753 3495 792 3552 97
813 3511 906 3566 snpra
922 3511 970 3568 pp.
989 3493 1063 3551 106:
1086 3499 1277 3566 contempnere
1300 3493 1465 3565 contempni

317 3581 398 3637 codd.
415 3583 526 3651 optimi,
549 3581 624 3637 unde
636 3580 768 3652 fortasse
783 3581 867 3637 scrib.
885 3579 1033 3634 Contemne
1048 3584 1075 3633 te
1091 3578 1228 3633 contemni
1314 3574 1353 3632 25
1379 3576 1467 3634 Sexti

316 3672 388 3720 sent.
406 3663 445 3722 85
466 3663 598 3721 ‘Delibera
619 3666 774 3738 priusquam
794 3682 874 3738 agas,
895 3670 922 3719 et
943 3669 1085 3736 antequam
1107 3677 1169 3736 agas
1191 3659 1304 3735 provide
1327 3660 1404 3736 quale
1426 3663 1464 3717 sit

319 3748 391 3821 quod
417 3749 536 3805 tacturus
558 3748 608 3804 es'
736 3748 775 3805 26
805 3749 905 3806 multos
926 3755 1016 3804 tamen
1037 3746 1146 3802 iacitS
1283 3744 1322 3802 27
1353 3752 1465 3819 quaerat

318 3835 399 3890 codd.
421 3849 494 3889 rece.
624 3832 663 3891 28
686 3849 753 3908 ergo
775 3850 828 3890 om.
851 3835 932 3890 codd.
955 3847 1045 3889 rece.-
1066 3831 1107 3904 cf.
1131 3832 1171 3887 cd
1191 3829 1209 3902 S
1233 3831 1272 3888 10
1372 3829 1463 3886 cultus

317 3916 494 3976 Procerur
515 3933 605 3990 snpra
625 3936 672 3992 pp.
690 3918 746 3990 90,
767 3919 857 3975 cultor
877 3920 1000 3975 codices.
1030 3915 1110 3974 Sent.
1126 3915 1210 3989 Pytia
1236 3915 1463 3988 221222122-

317 4020 406 4060 mcsc.
425 4002 454 4075 9,
468 4020 515 4076 pp.
527 4001 588 4059 640
603 4003 695 4058 ducac
711 4021 751 4082 τῳ
767 4005 830 4083 dep
847 4019 950 4078 γνωμη
965 3992 1077 4076 cynici.
1109 3999 1152 4072 Cf.
1168 4000 1243 4057 Hor.
1261 4016 1352 4056 carm.
1365 3999 1394 4069 3,
1409 3997 1463 4071 23,

320 4089 358 4145 17
446 4085 485 4144 29
508 4085 595 4143 alieno
617 4089 748 4162 sanguine
770 4087 916 4145 abstinebis
932 4106 983 4145 om.
1000 4089 1097 4162 22122·
1123 4086 1174 4141 sed
1188 4084 1229 4158 cf.
1244 4084 1379 4141 antont.
1395 4086 1463 4140 inst.

319 4172 349 4244 5,
365 4173 404 4231 10
420 4170 574 4240 ‘Quomodo
590 4173 660 4228 enim
676 4174 807 4247 sanguine
824 4171 996 4228 abstinebunt
1013 4213 1019 4226 .
1034 4213 1041 4226 .
1057 4213 1062 4225 .
1080 4168 1216 4244 quomodo
1232 4168 1387 4244 pudicitiam
1403 4175 1465 4224 tue·

318 4257 448 4313 bunturi'
536 4256 577 4314 30
599 4256 796 4332 indulgentiam
811 4259 912 4330 amicis,
929 4272 1038 4331 operam
1054 4254 1168 4326 civibuS,
1183 4252 1265 4310 tidem
1281 4255 1360 4309 etiam
1375 4253 1463 4308 hosti·

318 4341 368 4397 bus
384 4342 416 4397 P.
460 4342 553 4398 Isocr.
571 4343 610 4398 cd
623 4342 741 4398 Damon.
759 4342 797 4399 16
819 4328 886 4410 τοὺς
908 4334 961 4415 μὲν
982 4326 1074 4408 θεοὺς
1099 4335 1212 4412 φοβοῦ,
1235 4325 1304 4408 τούς
1320 4331 1352 4394 dt
1365 4337 1464 4411 γονεῖς

318 4421 399 4498 τίμα,
415 4413 484 4494 τούς
501 4418 532 4481 δὲ
547 4421 650 4498 φίλους
665 4415 818 4499 adoptivos,
834 4427 894 4494 τοῖς
911 4419 942 4482 δὲ
957 4416 1059 4500 νόμοις
1069 4419 1180 4481 πείθου
1237 4423 1277 4481 31
1301 4417 1462 4500 ministram]

320 4514 430 4568 rectius
445 4518 558 4567 matrem
573 4511 710 4569 Proceri.
727 4511 767 4568 83
780 4529 829 4586 pq.
848 4509 917 4571 105.
