<?xml version="1.0" encoding="UTF-8"?>
<!DOCTYPE html PUBLIC "-//W3C//DTD XHTML 1.0 Transitional//EN"
    "http://www.w3.org/TR/xhtml1/DTD/xhtml1-transitional.dtd">
<html xmlns="http://www.w3.org/1999/xhtml" xml:lang="en" lang="en">
 <head>
  <title>
</title>
<meta http-equiv="Content-Type" content="text/html;charset=utf-8" />
  <meta name='ocr-system' content='tesseract 3.04.00' />
  <meta name='ocr-capabilities' content='ocr_page ocr_carea ocr_par ocr_line ocrx_word'/>
</head>
<body>
  <div class='ocr_page' id='page_1' title='image "./publiliisyrisen00woelgoog/publiliisyrisen00woelgoog_0074.png"; bbox 0 0 3252 5180; ppageno 0'>
   <div class='ocr_carea' id='block_1_1' title="bbox 438 1481 970 1592">
    <p class='ocr_par' dir='ltr' id='par_1_1' title="bbox 438 1481 970 1592">
     <span class='ocr_line' id='line_1_1' title="bbox 438 1481 970 1592; baseline 0.002 -25"><span class='ocrx_word' id='word_1_1' title='bbox 438 1483 599 1568; x_wconf 90' lang='lat' dir='ltr'>Publilii</span> <span class='ocrx_word' id='word_1_2' title='bbox 631 1482 715 1592; x_wconf 81' lang='lat' dir='ltr'>Syri</span> <span class='ocrx_word' id='word_1_3' title='bbox 746 1481 970 1568; x_wconf 84' lang='lat' dir='ltr'>sententiae.</span> 
     </span>
    </p>
   </div>
   <div class='ocr_carea' id='block_1_2' title="bbox 172 1698 1116 2290">
    <p class='ocr_par' dir='ltr' id='par_1_2' title="bbox 217 1698 1116 2070">
     <span class='ocr_line' id='line_1_2' title="bbox 218 1698 1116 1787; baseline 0.001 -24"><span class='ocrx_word' id='word_1_4' title='bbox 218 1698 375 1764; x_wconf 81' lang='lat' dir='ltr'>Alienum</span> <span class='ocrx_word' id='word_1_5' title='bbox 398 1707 448 1763; x_wconf 86' lang='lat' dir='ltr'>eet</span> <span class='ocrx_word' id='word_1_6' title='bbox 470 1721 575 1782; x_wconf 88' lang='lat' dir='ltr'>omne,</span> <span class='ocrx_word' id='word_1_7' title='bbox 599 1699 755 1787; x_wconf 90' lang='lat' dir='ltr'>quicquid</span> <span class='ocrx_word' id='word_1_8' title='bbox 778 1700 920 1787; x_wconf 88' lang='lat' dir='ltr'>optando</span> <span class='ocrx_word' id='word_1_9' title='bbox 944 1701 1063 1765; x_wconf 88' lang='lat' dir='ltr'>evenit.</span> <span class='ocrx_word' id='word_1_10' title='bbox 1111 1713 1116 1738; x_wconf 93' lang='grc'>·’</span> 
     </span>
     <span class='ocr_line' id='line_1_3' title="bbox 217 1799 926 1889; baseline -0.001 -24"><span class='ocrx_word' id='word_1_11' title='bbox 217 1801 274 1865; x_wconf 93' lang='lat' dir='ltr'>Ab</span> <span class='ocrx_word' id='word_1_12' title='bbox 297 1801 360 1866; x_wconf 87' lang='lat' dir='ltr'>alio</span> <span class='ocrx_word' id='word_1_13' title='bbox 384 1810 547 1889; x_wconf 86' lang='lat' dir='ltr'>expectes,</span> <span class='ocrx_word' id='word_1_14' title='bbox 570 1799 666 1866; x_wconf 86' lang='lat' dir='ltr'>alteri</span> <span class='ocrx_word' id='word_1_15' title='bbox 687 1800 775 1889; x_wconf 88' lang='lat' dir='ltr'>quod</span> <span class='ocrx_word' id='word_1_16' title='bbox 798 1801 926 1866; x_wconf 87' lang='lat' dir='ltr'>feceris.</span> 
     </span>
     <span class='ocr_line' id='line_1_4' title="bbox 217 1891 1005 1990; baseline 0 -23"><span class='ocrx_word' id='word_1_17' title='bbox 217 1904 359 1967; x_wconf 84' lang='lat' dir='ltr'>Animus</span> <span class='ocrx_word' id='word_1_18' title='bbox 383 1891 490 1967; x_wconf 83' lang='lat' dir='ltr'>vereri</span> <span class='ocrx_word' id='word_1_19' title='bbox 513 1903 569 1990; x_wconf 93' lang='lat' dir='ltr'>qui</span> <span class='ocrx_word' id='word_1_20' title='bbox 592 1905 664 1986; x_wconf 89' lang='lat' dir='ltr'>scit,</span> <span class='ocrx_word' id='word_1_21' title='bbox 688 1905 751 1968; x_wconf 89' lang='lat' dir='ltr'>scit</span> <span class='ocrx_word' id='word_1_22' title='bbox 773 1913 844 1968; x_wconf 79' lang='lat' dir='ltr'>tuta</span> <span class='ocrx_word' id='word_1_23' title='bbox 864 1903 1005 1989; x_wconf 85' lang='lat' dir='ltr'>ingredi.</span> 
     </span>
     <span class='ocr_line' id='line_1_5' title="bbox 221 2003 944 2070; baseline 0 -2"><span class='ocrx_word' id='word_1_24' title='bbox 221 2003 360 2068; x_wconf 83' lang='lat' dir='ltr'>Auxilia</span> <span class='ocrx_word' id='word_1_25' title='bbox 381 2003 517 2068; x_wconf 87' lang='lat' dir='ltr'>humilia</span> <span class='ocrx_word' id='word_1_26' title='bbox 538 2004 632 2068; x_wconf 88' lang='lat' dir='ltr'>firma</span> <span class='ocrx_word' id='word_1_27' title='bbox 654 2026 831 2070; x_wconf 78' lang='lat' dir='ltr'>consensus</span> <span class='ocrx_word' id='word_1_28' title='bbox 855 2004 944 2069; x_wconf 88' lang='lat' dir='ltr'>facit.</span> 
     </span>
    </p>

    <p class='ocr_par' dir='ltr' id='par_1_3' title="bbox 172 2105 1026 2290">
     <span class='ocr_line' id='line_1_6' title="bbox 172 2105 1026 2194; baseline -0.001 -25"><span class='ocrx_word' id='word_1_29' title='bbox 172 2115 191 2168; x_wconf 83' lang='lat'>5</span> <span class='ocrx_word' id='word_1_30' title='bbox 218 2107 322 2170; x_wconf 90' lang='lat' dir='ltr'>Amor</span> <span class='ocrx_word' id='word_1_31' title='bbox 344 2107 444 2170; x_wconf 84' lang='lat' dir='ltr'>animi</span> <span class='ocrx_word' id='word_1_32' title='bbox 465 2105 602 2170; x_wconf 81' lang='lat' dir='ltr'>arbitrio</span> <span class='ocrx_word' id='word_1_33' title='bbox 625 2108 776 2190; x_wconf 84' lang='lat' dir='ltr'>sumitur,</span> <span class='ocrx_word' id='word_1_34' title='bbox 799 2129 864 2172; x_wconf 90' lang='lat' dir='ltr'>non</span> <span class='ocrx_word' id='word_1_35' title='bbox 885 2108 1026 2194; x_wconf 84' lang='lat' dir='ltr'>ponitur.</span> 
     </span>
     <span class='ocr_line' id='line_1_7' title="bbox 218 2206 1026 2290; baseline -0.001 -19"><span class='ocrx_word' id='word_1_36' title='bbox 218 2208 289 2272; x_wconf 90' lang='lat' dir='ltr'>Aut</span> <span class='ocrx_word' id='word_1_37' title='bbox 310 2215 397 2272; x_wconf 83' lang='lat' dir='ltr'>amat</span> <span class='ocrx_word' id='word_1_38' title='bbox 419 2218 476 2272; x_wconf 86' lang='lat' dir='ltr'>aut</span> <span class='ocrx_word' id='word_1_39' title='bbox 498 2207 567 2273; x_wconf 91' lang='lat' dir='ltr'>edit</span> <span class='ocrx_word' id='word_1_40' title='bbox 588 2206 714 2290; x_wconf 85' lang='lat' dir='ltr'>mulier,</span> <span class='ocrx_word' id='word_1_41' title='bbox 738 2207 786 2272; x_wconf 91' lang='lat' dir='ltr'>nil</span> <span class='ocrx_word' id='word_1_42' title='bbox 808 2218 858 2272; x_wconf 88' lang='lat' dir='ltr'>est</span> <span class='ocrx_word' id='word_1_43' title='bbox 879 2209 1026 2281; x_wconf 79' lang='lat' dir='ltr'>tertium,</span> 
     </span>
    </p>
   </div>
   <div class='ocr_carea' id='block_1_3' title="bbox 129 2418 700 2492">
    <p class='ocr_par' dir='ltr' id='par_1_4' title="bbox 129 2418 700 2492">
     <span class='ocr_line' id='line_1_8' title="bbox 129 2418 700 2492; baseline 0 -15"><span class='ocrx_word' id='word_1_44' title='bbox 129 2435 269 2478; x_wconf 72' lang='lat' dir='ltr'>comosa</span> <span class='ocrx_word' id='word_1_45' title='bbox 292 2418 451 2477; x_wconf 80' lang='lat' dir='ltr'>v.1-34:</span> <span class='ocrx_word' id='word_1_46' title='bbox 475 2419 700 2492; x_wconf 72' lang='lat' dir='ltr'>prosumo)</span> 
     </span>
    </p>
   </div>
   <div class='ocr_carea' id='block_1_4' title="bbox 126 2536 1282 4566">
    <p class='ocr_par' dir='ltr' id='par_1_5' title="bbox 126 2536 1282 3800">
     <span class='ocr_line' id='line_1_9' title="bbox 222 2536 1282 2612; baseline 0.002 -19"><span class='ocrx_word' id='word_1_47' title='bbox 222 2539 237 2593; x_wconf 95' lang='lat'>1</span> <span class='ocrx_word' id='word_1_48' title='bbox 263 2537 365 2594; x_wconf 82' lang='lat' dir='ltr'>Seneca</span> <span class='ocrx_word' id='word_1_49' title='bbox 386 2539 496 2612; x_wconf 92' lang='lat' dir='ltr'>epistul.</span> <span class='ocrx_word' id='word_1_50' title='bbox 521 2539 555 2611; x_wconf 88' lang='lat'>8,</span> <span class='ocrx_word' id='word_1_51' title='bbox 572 2539 605 2596; x_wconf 85' lang='lat'>8:</span> <span class='ocrx_word' id='word_1_52' title='bbox 635 2536 777 2612; x_wconf 70' lang='lat' dir='ltr'>‘quantum</span> <span class='ocrx_word' id='word_1_53' title='bbox 804 2538 1042 2595; x_wconf 77' lang='lat' dir='ltr'>disertissimorum</span> <span class='ocrx_word' id='word_1_54' title='bbox 1063 2554 1190 2594; x_wconf 90' lang='lat' dir='ltr'>versuum</span> <span class='ocrx_word' id='word_1_55' title='bbox 1211 2540 1282 2596; x_wconf 89' lang='lat' dir='ltr'>inter</span> 
     </span>
     <span class='ocr_line' id='line_1_10' title="bbox 130 2622 1282 2697; baseline 0.001 -19"><span class='ocrx_word' id='word_1_56' title='bbox 130 2625 235 2679; x_wconf 88' lang='lat' dir='ltr'>mimos</span> <span class='ocrx_word' id='word_1_57' title='bbox 255 2623 336 2678; x_wconf 84' lang='lat' dir='ltr'>iacet!</span> <span class='ocrx_word' id='word_1_58' title='bbox 367 2640 445 2697; x_wconf 81' lang='lat' dir='ltr'>quain</span> <span class='ocrx_word' id='word_1_59' title='bbox 473 2623 556 2679; x_wconf 87' lang='lat' dir='ltr'>multa</span> <span class='ocrx_word' id='word_1_60' title='bbox 578 2622 685 2680; x_wconf 86' lang='lat' dir='ltr'>Publilii</span> <span class='ocrx_word' id='word_1_61' title='bbox 706 2639 761 2678; x_wconf 91' lang='lat' dir='ltr'>non</span> <span class='ocrx_word' id='word_1_62' title='bbox 782 2623 955 2695; x_wconf 75' lang='lat' dir='ltr'>excalceatis,</span> <span class='ocrx_word' id='word_1_63' title='bbox 983 2622 1031 2679; x_wconf 89' lang='lat' dir='ltr'>sed</span> <span class='ocrx_word' id='word_1_64' title='bbox 1052 2623 1222 2679; x_wconf 75' lang='lat' dir='ltr'>cothurnatis</span> <span class='ocrx_word' id='word_1_65' title='bbox 1242 2624 1282 2680; x_wconf 80' lang='lat' dir='ltr'>‹ti-</span> 
     </span>
     <span class='ocr_line' id='line_1_11' title="bbox 130 2706 1282 2782; baseline -0.001 -17"><span class='ocrx_word' id='word_1_66' title='bbox 130 2707 222 2765; x_wconf 91' lang='lat' dir='ltr'>cenda</span> <span class='ocrx_word' id='word_1_67' title='bbox 244 2709 320 2762; x_wconf 85' lang='lat' dir='ltr'>sunt!</span> <span class='ocrx_word' id='word_1_68' title='bbox 344 2707 430 2764; x_wconf 91' lang='lat' dir='ltr'>Unum</span> <span class='ocrx_word' id='word_1_69' title='bbox 451 2724 557 2765; x_wconf 89' lang='lat' dir='ltr'>versum</span> <span class='ocrx_word' id='word_1_70' title='bbox 573 2709 645 2778; x_wconf 90' lang='lat' dir='ltr'>eius,</span> <span class='ocrx_word' id='word_1_71' title='bbox 668 2709 714 2781; x_wconf 88' lang='lat' dir='ltr'>qui</span> <span class='ocrx_word' id='word_1_72' title='bbox 729 2706 761 2764; x_wconf 95' lang='lat' dir='ltr'>ad</span> <span class='ocrx_word' id='word_1_73' title='bbox 776 2708 975 2782; x_wconf 80' lang='lat' dir='ltr'>philosophiam</span> <span class='ocrx_word' id='word_1_74' title='bbox 990 2709 1109 2782; x_wconf 86' lang='lat' dir='ltr'>pertinet</span> <span class='ocrx_word' id='word_1_75' title='bbox 1124 2714 1151 2762; x_wconf 89' lang='lat' dir='ltr'>et</span> <span class='ocrx_word' id='word_1_76' title='bbox 1166 2707 1199 2763; x_wconf 86' lang='lat' dir='ltr'>ad</span> <span class='ocrx_word' id='word_1_77' title='bbox 1214 2709 1282 2764; x_wconf 91' lang='lat' dir='ltr'>hanc</span> 
     </span>
     <span class='ocr_line' id='line_1_12' title="bbox 128 2791 1279 2866; baseline 0 -18"><span class='ocrx_word' id='word_1_78' title='bbox 128 2800 249 2866; x_wconf 89' lang='lat' dir='ltr'>partem,</span> <span class='ocrx_word' id='word_1_79' title='bbox 266 2808 334 2866; x_wconf 86' lang='lat' dir='ltr'>quae</span> <span class='ocrx_word' id='word_1_80' title='bbox 350 2792 430 2848; x_wconf 93' lang='lat' dir='ltr'>modo</span> <span class='ocrx_word' id='word_1_81' title='bbox 447 2792 498 2848; x_wconf 90' lang='lat' dir='ltr'>iuit</span> <span class='ocrx_word' id='word_1_82' title='bbox 513 2794 540 2848; x_wconf 91' lang='lat' dir='ltr'>in</span> <span class='ocrx_word' id='word_1_83' title='bbox 556 2791 687 2864; x_wconf 73' lang='lat' dir='ltr'>uteribus,</span> <span class='ocrx_word' id='word_1_84' title='bbox 704 2791 828 2865; x_wconf 83' lang='lat' dir='ltr'>referam,</span> <span class='ocrx_word' id='word_1_85' title='bbox 845 2809 899 2866; x_wconf 90' lang='lat' dir='ltr'>quo</span> <span class='ocrx_word' id='word_1_86' title='bbox 915 2798 998 2866; x_wconf 77' lang='lat' dir='ltr'>negat</span> <span class='ocrx_word' id='word_1_87' title='bbox 1014 2791 1127 2849; x_wconf 88' lang='lat' dir='ltr'>iortuita</span> <span class='ocrx_word' id='word_1_88' title='bbox 1141 2793 1169 2848; x_wconf 92' lang='lat' dir='ltr'>in</span> <span class='ocrx_word' id='word_1_89' title='bbox 1184 2801 1279 2848; x_wconf 85' lang='lat' dir='ltr'>nostro</span> 
     </span>
     <span class='ocr_line' id='line_1_13' title="bbox 130 2871 1281 2954; baseline 0.001 -21"><span class='ocrx_word' id='word_1_90' title='bbox 130 2876 272 2939; x_wconf 90' lang='lat' dir='ltr'>hahenda;</span> <span class='ocrx_word' id='word_1_91' title='bbox 297 2877 413 2933; x_wconf 91' lang='lat' dir='ltr'>alienum</span> <span class='ocrx_word' id='word_1_92' title='bbox 429 2877 495 2934; x_wconf 90' lang='lat' dir='ltr'>etc.’</span> <span class='ocrx_word' id='word_1_93' title='bbox 587 2871 681 2954; x_wconf 89' lang='lat' dir='ltr'>omne]</span> <span class='ocrx_word' id='word_1_94' title='bbox 698 2878 807 2933; x_wconf 91' lang='lat' dir='ltr'>homine</span> <span class='ocrx_word' id='word_1_95' title='bbox 823 2877 933 2942; x_wconf 80' lang='lat' dir='ltr'>Bothe:</span> <span class='ocrx_word' id='word_1_96' title='bbox 955 2895 1007 2933; x_wconf 89' lang='lat' dir='ltr'>om.</span> <span class='ocrx_word' id='word_1_97' title='bbox 1034 2877 1085 2948; x_wconf 80' lang='lat' dir='ltr'>VO,</span> <span class='ocrx_word' id='word_1_98' title='bbox 1107 2878 1202 2935; x_wconf 77' lang='lat' dir='ltr'>codex</span> <span class='ocrx_word' id='word_1_99' title='bbox 1216 2879 1281 2934; x_wconf 83' lang='lat' dir='ltr'>Am-</span> 
     </span>
     <span class='ocr_line' id='line_1_14' title="bbox 126 2961 1175 3034; baseline 0 -16"><span class='ocrx_word' id='word_1_100' title='bbox 126 2964 290 3033; x_wconf 83' lang='lat' dir='ltr'>plonionus</span> <span class='ocrx_word' id='word_1_101' title='bbox 305 2962 444 3033; x_wconf 84' lang='lat' dir='ltr'>Senecae,</span> <span class='ocrx_word' id='word_1_102' title='bbox 470 2965 635 3020; x_wconf 81' lang='lat' dir='ltr'>Vincentius</span> <span class='ocrx_word' id='word_1_103' title='bbox 650 2962 870 3020; x_wconf 83' lang='lat' dir='ltr'>Bellovacensis</span> <span class='ocrx_word' id='word_1_104' title='bbox 885 2977 963 3034; x_wconf 82' lang='lat' dir='ltr'>spec.</span> <span class='ocrx_word' id='word_1_105' title='bbox 980 2964 1072 3018; x_wconf 84' lang='lat' dir='ltr'>doctr.</span> <span class='ocrx_word' id='word_1_106' title='bbox 1090 2961 1117 3031; x_wconf 88' lang='lat'>5,</span> <span class='ocrx_word' id='word_1_107' title='bbox 1137 2961 1175 3019; x_wconf 80' lang='lat'>76</span> 
     </span>
     <span class='ocr_line' id='line_1_15' title="bbox 129 3045 1277 3120; baseline 0.003 -21"><span class='ocrx_word' id='word_1_108' title='bbox 129 3047 208 3102; x_wconf 88' lang='lat' dir='ltr'>venit</span> <span class='ocrx_word' id='word_1_109' title='bbox 230 3045 258 3116; x_wconf 83' lang='lat'>0,</span> <span class='ocrx_word' id='word_1_110' title='bbox 290 3048 454 3104; x_wconf 81' lang='lat' dir='ltr'>Vincentius</span> <span class='ocrx_word' id='word_1_111' title='bbox 480 3050 561 3105; x_wconf 83' lang='lat' dir='ltr'>codd.</span> <span class='ocrx_word' id='word_1_112' title='bbox 589 3049 748 3104; x_wconf 87' lang='lat' dir='ltr'>deteriores</span> <span class='ocrx_word' id='word_1_113' title='bbox 770 3047 900 3104; x_wconf 86' lang='lat' dir='ltr'>Senecae</span> <span class='ocrx_word' id='word_1_114' title='bbox 1003 3045 1020 3101; x_wconf 80' lang='lat'>2</span> <span class='ocrx_word' id='word_1_115' title='bbox 1044 3045 1146 3102; x_wconf 89' lang='lat' dir='ltr'>Seneca</span> <span class='ocrx_word' id='word_1_116' title='bbox 1167 3045 1277 3120; x_wconf 85' lang='lat' dir='ltr'>epistol.</span> 
     </span>
     <span class='ocr_line' id='line_1_16' title="bbox 132 3127 1282 3206; baseline -0.001 -19"><span class='ocrx_word' id='word_1_117' title='bbox 132 3129 191 3200; x_wconf 88' lang='grc'>94,</span> <span class='ocrx_word' id='word_1_118' title='bbox 216 3129 270 3188; x_wconf 85' lang='lat'>43:</span> <span class='ocrx_word' id='word_1_119' title='bbox 304 3132 376 3205; x_wconf 78' lang='lat' dir='ltr'>‘quis</span> <span class='ocrx_word' id='word_1_120' title='bbox 402 3141 491 3188; x_wconf 89' lang='lat' dir='ltr'>autem</span> <span class='ocrx_word' id='word_1_121' title='bbox 517 3133 656 3206; x_wconf 79' lang='lat' dir='ltr'>negaverit</span> <span class='ocrx_word' id='word_1_122' title='bbox 684 3131 758 3188; x_wconf 87' lang='lat' dir='ltr'>ieriri</span> <span class='ocrx_word' id='word_1_123' title='bbox 780 3130 939 3205; x_wconf 90' lang='lat' dir='ltr'>quibusdam</span> <span class='ocrx_word' id='word_1_124' title='bbox 966 3131 1116 3205; x_wconf 85' lang='lat' dir='ltr'>praeceptis</span> <span class='ocrx_word' id='word_1_125' title='bbox 1137 3127 1282 3188; x_wconf 85' lang='lat' dir='ltr'>efficaciter</span> 
     </span>
     <span class='ocr_line' id='line_1_17' title="bbox 130 3213 1280 3290; baseline 0 -19"><span class='ocrx_word' id='word_1_126' title='bbox 130 3217 216 3272; x_wconf 90' lang='lat' dir='ltr'>etiam</span> <span class='ocrx_word' id='word_1_127' title='bbox 235 3216 450 3290; x_wconf 83' lang='lat' dir='ltr'>inpertissimos?</span> <span class='ocrx_word' id='word_1_128' title='bbox 478 3217 554 3274; x_wconf 88' lang='lat' dir='ltr'>velut</span> <span class='ocrx_word' id='word_1_129' title='bbox 575 3218 616 3273; x_wconf 92' lang='lat' dir='ltr'>his</span> <span class='ocrx_word' id='word_1_130' title='bbox 636 3215 800 3273; x_wconf 88' lang='lat' dir='ltr'>brevissimis</span> <span class='ocrx_word' id='word_1_131' title='bbox 824 3215 949 3286; x_wconf 87' lang='lat' dir='ltr'>vocibus,</span> <span class='ocrx_word' id='word_1_132' title='bbox 975 3215 1023 3271; x_wconf 89' lang='lat' dir='ltr'>sed</span> <span class='ocrx_word' id='word_1_133' title='bbox 1046 3214 1158 3271; x_wconf 90' lang='lat' dir='ltr'>multum</span> <span class='ocrx_word' id='word_1_134' title='bbox 1181 3213 1280 3271; x_wconf 91' lang='lat' dir='ltr'>haben-</span> 
     </span>
     <span class='ocr_line' id='line_1_18' title="bbox 131 3299 1282 3374; baseline 0.001 -19"><span class='ocrx_word' id='word_1_135' title='bbox 131 3299 208 3355; x_wconf 86' lang='lat' dir='ltr'>tibus</span> <span class='ocrx_word' id='word_1_136' title='bbox 228 3299 370 3374; x_wconf 89' lang='lat' dir='ltr'>ponderis:</span> <span class='ocrx_word' id='word_1_137' title='bbox 393 3301 425 3357; x_wconf 91' lang='lat' dir='ltr'>ab</span> <span class='ocrx_word' id='word_1_138' title='bbox 447 3302 499 3359; x_wconf 92' lang='lat' dir='ltr'>alio</span> <span class='ocrx_word' id='word_1_139' title='bbox 520 3301 585 3358; x_wconf 85' lang='lat' dir='ltr'>etc’</span> <span class='ocrx_word' id='word_1_140' title='bbox 630 3302 763 3358; x_wconf 74' lang='lat' dir='ltr'>Luceant.</span> <span class='ocrx_word' id='word_1_141' title='bbox 786 3301 984 3357; x_wconf 74' lang='lat' dir='ltr'>insuerint.</span> <span class='ocrx_word' id='word_1_142' title='bbox 1009 3317 1054 3373; x_wconf 82' lang='lat' dir='ltr'>cp.</span> <span class='ocrx_word' id='word_1_143' title='bbox 1080 3299 1191 3372; x_wconf 85' lang='lat'>16,10</span> <span class='ocrx_word' id='word_1_144' title='bbox 1214 3299 1282 3356; x_wconf 73' lang='lat' dir='ltr'>‘non</span> 
     </span>
     <span class='ocr_line' id='line_1_19' title="bbox 130 3383 1281 3460; baseline 0.003 -21"><span class='ocrx_word' id='word_1_145' title='bbox 130 3383 244 3458; x_wconf 86' lang='lat' dir='ltr'>illepide</span> <span class='ocrx_word' id='word_1_146' title='bbox 259 3385 360 3442; x_wconf 90' lang='lat' dir='ltr'>Seneca</span> <span class='ocrx_word' id='word_1_147' title='bbox 380 3388 407 3442; x_wconf 90' lang='lat' dir='ltr'>in</span> <span class='ocrx_word' id='word_1_148' title='bbox 428 3386 502 3442; x_wconf 89' lang='lat' dir='ltr'>libris</span> <span class='ocrx_word' id='word_1_149' title='bbox 525 3386 633 3443; x_wconf 86' lang='lat' dir='ltr'>moralis</span> <span class='ocrx_word' id='word_1_150' title='bbox 655 3385 866 3460; x_wconf 88' lang='lat' dir='ltr'>philosophiae.</span> <span class='ocrx_word' id='word_1_151' title='bbox 885 3429 891 3440; x_wconf 90' lang='lat'>.</span> <span class='ocrx_word' id='word_1_152' title='bbox 911 3429 917 3441; x_wconf 95' lang='lat'>.</span> <span class='ocrx_word' id='word_1_153' title='bbox 935 3428 941 3442; x_wconf 89' lang='lat'>.</span> <span class='ocrx_word' id='word_1_154' title='bbox 958 3385 990 3440; x_wconf 92' lang='lat' dir='ltr'>ab</span> <span class='ocrx_word' id='word_1_155' title='bbox 1006 3384 1058 3441; x_wconf 91' lang='lat' dir='ltr'>alio</span> <span class='ocrx_word' id='word_1_156' title='bbox 1074 3383 1140 3442; x_wconf 82' lang='lat' dir='ltr'>etc’</span> <span class='ocrx_word' id='word_1_157' title='bbox 1156 3407 1197 3431; x_wconf 84' lang='lat'>==</span> <span class='ocrx_word' id='word_1_158' title='bbox 1214 3384 1281 3442; x_wconf 84' lang='lat' dir='ltr'>Seu.</span> 
     </span>
     <span class='ocr_line' id='line_1_20' title="bbox 128 3469 1279 3544; baseline -0.001 -19"><span class='ocrx_word' id='word_1_159' title='bbox 128 3470 243 3543; x_wconf 77' lang='lat' dir='ltr'>frapm.</span> <span class='ocrx_word' id='word_1_160' title='bbox 262 3470 337 3542; x_wconf 83' lang='lat'>119,</span> <span class='ocrx_word' id='word_1_161' title='bbox 355 3474 397 3528; x_wconf 89' lang='lat' dir='ltr'>ed.</span> <span class='ocrx_word' id='word_1_162' title='bbox 416 3472 510 3528; x_wconf 79' lang='lat' dir='ltr'>Heus</span> <span class='ocrx_word' id='word_1_163' title='bbox 552 3472 709 3544; x_wconf 82' lang='lat' dir='ltr'>Inscriptio</span> <span class='ocrx_word' id='word_1_164' title='bbox 730 3475 758 3528; x_wconf 93' lang='lat' dir='ltr'>in</span> <span class='ocrx_word' id='word_1_165' title='bbox 776 3472 894 3528; x_wconf 85' lang='lat' dir='ltr'>Gruteri</span> <span class='ocrx_word' id='word_1_166' title='bbox 917 3472 1054 3527; x_wconf 84' lang='lat' dir='ltr'>thesauro</span> <span class='ocrx_word' id='word_1_167' title='bbox 1071 3488 1103 3542; x_wconf 82' lang='lat' dir='ltr'>p.</span> <span class='ocrx_word' id='word_1_168' title='bbox 1122 3469 1182 3527; x_wconf 79' lang='grc'>928</span> <span class='ocrx_word' id='word_1_169' title='bbox 1198 3487 1227 3525; x_wconf 88' lang='lat' dir='ltr'>n.</span> <span class='ocrx_word' id='word_1_170' title='bbox 1245 3469 1279 3526; x_wconf 90' lang='grc'>9.·</span> 
     </span>
     <span class='ocr_line' id='line_1_21' title="bbox 130 3554 1278 3626; baseline -0.001 -16"><span class='ocrx_word' id='word_1_171' title='bbox 130 3555 188 3610; x_wconf 85' lang='grc' dir='ltr'>ΑΒ</span> <span class='ocrx_word' id='word_1_172' title='bbox 201 3555 307 3611; x_wconf 57' lang='lat' dir='ltr'>omo</span> <span class='ocrx_word' id='word_1_173' title='bbox 316 3583 322 3596; x_wconf 90' lang='lat'><strong>·</strong></span> <span class='ocrx_word' id='word_1_174' title='bbox 332 3555 487 3613; x_wconf 82' lang='lat' dir='ltr'><strong><em>SPERES</em></strong></span> <span class='ocrx_word' id='word_1_175' title='bbox 498 3583 505 3597; x_wconf 92' lang='lat'><strong>·</strong></span> <span class='ocrx_word' id='word_1_176' title='bbox 516 3557 685 3613; x_wconf 84' lang='lat' dir='ltr'><em>ALTERO·</em></span> <span class='ocrx_word' id='word_1_177' title='bbox 695 3555 718 3623; x_wconf 76' lang='lat' dir='ltr'><em>Q</em></span> <span class='ocrx_word' id='word_1_178' title='bbox 730 3557 753 3612; x_wconf 95' lang='lat' dir='ltr'><em>V</em></span> <span class='ocrx_word' id='word_1_179' title='bbox 755 3554 1009 3612; x_wconf 60' lang='lat' dir='ltr'>corocottas.</span> <span class='ocrx_word' id='word_1_180' title='bbox 1061 3554 1103 3626; x_wconf 82' lang='lat' dir='ltr'>Of.</span> <span class='ocrx_word' id='word_1_181' title='bbox 1130 3555 1278 3626; x_wconf 82' lang='lat' dir='ltr'>Lamprid.</span> 
     </span>
     <span class='ocr_line' id='line_1_22' title="bbox 131 3637 1279 3716; baseline -0.003 -21"><span class='ocrx_word' id='word_1_182' title='bbox 131 3641 219 3696; x_wconf 77' lang='lat' dir='ltr'>Atec.</span> <span class='ocrx_word' id='word_1_183' title='bbox 238 3639 337 3697; x_wconf 87' lang='lat' dir='ltr'>Seoer.</span> <span class='ocrx_word' id='word_1_184' title='bbox 354 3641 393 3698; x_wconf 84' lang='lat'>51</span> <span class='ocrx_word' id='word_1_185' title='bbox 418 3639 504 3698; x_wconf 65' lang='lat' dir='ltr'>‘visne</span> <span class='ocrx_word' id='word_1_186' title='bbox 525 3641 577 3698; x_wconf 92' lang='lat' dir='ltr'>hoc</span> <span class='ocrx_word' id='word_1_187' title='bbox 597 3643 624 3698; x_wconf 92' lang='lat' dir='ltr'>in</span> <span class='ocrx_word' id='word_1_188' title='bbox 645 3649 712 3716; x_wconf 81' lang='lat' dir='ltr'>agro</span> <span class='ocrx_word' id='word_1_189' title='bbox 729 3648 776 3696; x_wconf 87' lang='lat' dir='ltr'>too</span> <span class='ocrx_word' id='word_1_190' title='bbox 793 3639 867 3710; x_wconf 83' lang='lat' dir='ltr'>lieri,</span> <span class='ocrx_word' id='word_1_191' title='bbox 890 3638 963 3714; x_wconf 87' lang='lat' dir='ltr'>quod</span> <span class='ocrx_word' id='word_1_192' title='bbox 979 3638 1057 3694; x_wconf 85' lang='lat' dir='ltr'>alteri</span> <span class='ocrx_word' id='word_1_193' title='bbox 1073 3637 1168 3694; x_wconf 83' lang='lat' dir='ltr'>iacisi&#39;</span> <span class='ocrx_word' id='word_1_194' title='bbox 1194 3637 1279 3696; x_wconf 82' lang='lat' dir='ltr'>Ocec.</span> 
     </span>
     <span class='ocr_line' id='line_1_23' title="bbox 133 3721 1280 3800; baseline 0.001 -21"><span class='ocrx_word' id='word_1_195' title='bbox 133 3725 220 3780; x_wconf 82' lang='lat' dir='ltr'>Bato.</span> <span class='ocrx_word' id='word_1_196' title='bbox 243 3724 360 3781; x_wconf 84' lang='lat' dir='ltr'>Monac.</span> <span class='ocrx_word' id='word_1_197' title='bbox 378 3726 411 3797; x_wconf 91' lang='lat'>1,</span> <span class='ocrx_word' id='word_1_198' title='bbox 428 3725 483 3797; x_wconf 82' lang='lat'>29,</span> <span class='ocrx_word' id='word_1_199' title='bbox 502 3744 552 3800; x_wconf 76' lang='lat' dir='ltr'>pp.</span> <span class='ocrx_word' id='word_1_200' title='bbox 570 3725 626 3799; x_wconf 81' lang='lat'>20,</span> <span class='ocrx_word' id='word_1_201' title='bbox 656 3727 733 3781; x_wconf 87' lang='lat' dir='ltr'>Vinc.</span> <span class='ocrx_word' id='word_1_202' title='bbox 756 3725 866 3782; x_wconf 81' lang='lat' dir='ltr'>Bellon.</span> <span class='ocrx_word' id='word_1_203' title='bbox 889 3739 968 3796; x_wconf 82' lang='lat' dir='ltr'>spec.</span> <span class='ocrx_word' id='word_1_204' title='bbox 990 3725 1082 3780; x_wconf 84' lang='lat' dir='ltr'>doctr.</span> <span class='ocrx_word' id='word_1_205' title='bbox 1099 3721 1136 3795; x_wconf 89' lang='grc'>4,</span> <span class='ocrx_word' id='word_1_206' title='bbox 1152 3723 1201 3780; x_wconf 79' lang='lat'>67.</span> <span class='ocrx_word' id='word_1_207' title='bbox 1221 3722 1280 3780; x_wconf 76' lang='lat'>132</span> 
     </span>
    </p>

    <p class='ocr_par' dir='ltr' id='par_1_6' title="bbox 131 3809 1282 4310">
     <span class='ocr_line' id='line_1_24' title="bbox 220 3809 1280 3884; baseline -0.002 -18"><span class='ocrx_word' id='word_1_208' title='bbox 220 3809 238 3866; x_wconf 88' lang='lat'><strong>3</strong></span> <span class='ocrx_word' id='word_1_209' title='bbox 262 3811 308 3884; x_wconf 85' lang='lat' dir='ltr'>qui</span> <span class='ocrx_word' id='word_1_210' title='bbox 328 3811 379 3866; x_wconf 89' lang='lat' dir='ltr'>scit</span> <span class='ocrx_word' id='word_1_211' title='bbox 405 3813 492 3867; x_wconf 86' lang='lat' dir='ltr'>vereri</span> <span class='ocrx_word' id='word_1_212' title='bbox 523 3813 545 3868; x_wconf 98' lang='lat' dir='ltr'><em>V</em></span> <span class='ocrx_word' id='word_1_213' title='bbox 636 3819 694 3867; x_wconf 88' lang='lat' dir='ltr'>tuta</span> <span class='ocrx_word' id='word_1_214' title='bbox 715 3809 951 3866; x_wconf 83' lang='lat' dir='ltr'>PRFVGruter</span> <span class='ocrx_word' id='word_1_215' title='bbox 972 3824 1011 3866; x_wconf 83' lang='lat' dir='ltr'>ex</span> <span class='ocrx_word' id='word_1_216' title='bbox 1029 3810 1190 3866; x_wconf 83' lang='lat' dir='ltr'>codicibus:</span> <span class='ocrx_word' id='word_1_217' title='bbox 1220 3816 1280 3864; x_wconf 90' lang='lat' dir='ltr'>tuto</span> 
     </span>
     <span class='ocr_line' id='line_1_25' title="bbox 131 3894 1280 3968; baseline -0.002 -17"><span class='ocrx_word' id='word_1_218' title='bbox 131 3896 178 3951; x_wconf 87' lang='lat' dir='ltr'>Pa</span> <span class='ocrx_word' id='word_1_219' title='bbox 194 3910 272 3950; x_wconf 91' lang='lat' dir='ltr'>corr.</span> <span class='ocrx_word' id='word_1_220' title='bbox 290 3911 350 3952; x_wconf 85' lang='lat' dir='ltr'>rec.</span> <span class='ocrx_word' id='word_1_221' title='bbox 367 3915 403 3952; x_wconf 88' lang='lat' dir='ltr'>m.</span> <span class='ocrx_word' id='word_1_222' title='bbox 422 3896 449 3951; x_wconf 93' lang='lat' dir='ltr'><em>B</em></span> <span class='ocrx_word' id='word_1_223' title='bbox 463 3912 556 3968; x_wconf 85' lang='lat' dir='ltr'>supro</span> <span class='ocrx_word' id='word_1_224' title='bbox 571 3913 629 3952; x_wconf 87' lang='lat' dir='ltr'>scr.</span> <span class='ocrx_word' id='word_1_225' title='bbox 646 3912 705 3952; x_wconf 86' lang='lat' dir='ltr'>sec.</span> <span class='ocrx_word' id='word_1_226' title='bbox 722 3914 758 3950; x_wconf 89' lang='lat' dir='ltr'>m.</span> <span class='ocrx_word' id='word_1_227' title='bbox 775 3896 837 3952; x_wconf 92' lang='lat' dir='ltr'>cod.</span> <span class='ocrx_word' id='word_1_228' title='bbox 855 3895 1022 3964; x_wconf 68' lang='lat' dir='ltr'>Beruenses,</span> <span class='ocrx_word' id='word_1_229' title='bbox 1041 3896 1093 3951; x_wconf 85' lang='lat' dir='ltr'>clii</span> <span class='ocrx_word' id='word_1_230' title='bbox 1106 3894 1187 3951; x_wconf 91' lang='lat' dir='ltr'>codd.</span> <span class='ocrx_word' id='word_1_231' title='bbox 1206 3894 1280 3950; x_wconf 85' lang='lat' dir='ltr'>Gru·</span> 
     </span>
     <span class='ocr_line' id='line_1_26' title="bbox 133 3979 1281 4055; baseline 0.001 -20"><span class='ocrx_word' id='word_1_232' title='bbox 133 3983 204 4049; x_wconf 85' lang='lat' dir='ltr'>teri,</span> <span class='ocrx_word' id='word_1_233' title='bbox 220 3980 379 4044; x_wconf 82' lang='lat' dir='ltr'>Erasmus;</span> <span class='ocrx_word' id='word_1_234' title='bbox 402 3988 477 4036; x_wconf 89' lang='lat' dir='ltr'>tutus</span> <span class='ocrx_word' id='word_1_235' title='bbox 495 3981 528 4050; x_wconf 80' lang='lat'>0,</span> <span class='ocrx_word' id='word_1_236' title='bbox 545 3988 607 4055; x_wconf 88' lang='lat' dir='ltr'>apta</span> <span class='ocrx_word' id='word_1_237' title='bbox 623 3981 650 4036; x_wconf 90' lang='lat' dir='ltr'><em>B</em></span> <span class='ocrx_word' id='word_1_238' title='bbox 735 3979 848 4054; x_wconf 76' lang='lat' dir='ltr'>aggredi</span> <span class='ocrx_word' id='word_1_239' title='bbox 865 3981 1007 4037; x_wconf 81' lang='lat' dir='ltr'>Erasmus</span> <span class='ocrx_word' id='word_1_240' title='bbox 1024 3986 1051 4036; x_wconf 88' lang='lat' dir='ltr'>et</span> <span class='ocrx_word' id='word_1_241' title='bbox 1067 3980 1148 4036; x_wconf 89' lang='lat' dir='ltr'>codd.</span> <span class='ocrx_word' id='word_1_242' title='bbox 1165 3980 1281 4051; x_wconf 79' lang='lat' dir='ltr'>quidum</span> 
     </span>
     <span class='ocr_line' id='line_1_27' title="bbox 134 4059 1281 4134; baseline -0.003 -13"><span class='ocrx_word' id='word_1_243' title='bbox 134 4065 254 4121; x_wconf 85' lang='lat' dir='ltr'>Gruteri</span> <span class='ocrx_word' id='word_1_244' title='bbox 352 4059 374 4120; x_wconf 79' lang='lat'>4&#39;</span> <span class='ocrx_word' id='word_1_245' title='bbox 394 4066 507 4122; x_wconf 87' lang='lat' dir='ltr'>humana</span> <span class='ocrx_word' id='word_1_246' title='bbox 532 4067 555 4122; x_wconf 97' lang='lat' dir='ltr'><em>V</em></span> <span class='ocrx_word' id='word_1_247' title='bbox 654 4064 728 4120; x_wconf 87' lang='lat' dir='ltr'>firma</span> <span class='ocrx_word' id='word_1_248' title='bbox 750 4068 845 4122; x_wconf 86' lang='lat' dir='ltr'>erasis</span> <span class='ocrx_word' id='word_1_249' title='bbox 867 4067 971 4122; x_wconf 84' lang='lat' dir='ltr'>litteris</span> <span class='ocrx_word' id='word_1_250' title='bbox 991 4064 1019 4120; x_wconf 90' lang='lat' dir='ltr'>in</span> <span class='ocrx_word' id='word_1_251' title='bbox 1044 4064 1083 4134; x_wconf 89' lang='lat' dir='ltr'>B,</span> <span class='ocrx_word' id='word_1_252' title='bbox 1109 4064 1184 4119; x_wconf 89' lang='lat' dir='ltr'>unde</span> <span class='ocrx_word' id='word_1_253' title='bbox 1207 4080 1281 4119; x_wconf 87' lang='lat' dir='ltr'>com-</span> 
     </span>
     <span class='ocr_line' id='line_1_28' title="bbox 133 4145 1220 4224; baseline -0.002 -18"><span class='ocrx_word' id='word_1_254' title='bbox 133 4152 288 4207; x_wconf 85' lang='lat' dir='ltr'>mendutur</span> <span class='ocrx_word' id='word_1_255' title='bbox 303 4154 471 4209; x_wconf 81' lang='lat' dir='ltr'>coniectura</span> <span class='ocrx_word' id='word_1_256' title='bbox 491 4151 599 4224; x_wconf 87' lang='lat' dir='ltr'>Tunoq.</span> <span class='ocrx_word' id='word_1_257' title='bbox 617 4152 710 4208; x_wconf 78' lang='lat' dir='ltr'>Fabri</span> <span class='ocrx_word' id='word_1_258' title='bbox 725 4150 828 4206; x_wconf 76' lang='lat' dir='ltr'>Auxilia</span> <span class='ocrx_word' id='word_1_259' title='bbox 844 4147 947 4205; x_wconf 85' lang='lat' dir='ltr'>infirma</span> <span class='ocrx_word' id='word_1_260' title='bbox 964 4147 1055 4217; x_wconf 80' lang='lat' dir='ltr'>firma3</span> <span class='ocrx_word' id='word_1_261' title='bbox 1079 4145 1173 4203; x_wconf 87' lang='lat' dir='ltr'>firmus</span> <span class='ocrx_word' id='word_1_262' title='bbox 1197 4149 1220 4204; x_wconf 96' lang='lat' dir='ltr'><em>V</em></span> 
     </span>
     <span class='ocr_line' id='line_1_29' title="bbox 133 4231 1282 4310; baseline -0.004 -19"><span class='ocrx_word' id='word_1_263' title='bbox 133 4251 285 4291; x_wconf 89' lang='lat' dir='ltr'>consensus</span> <span class='ocrx_word' id='word_1_264' title='bbox 306 4237 349 4292; x_wconf 91' lang='lat' dir='ltr'>Pu</span> <span class='ocrx_word' id='word_1_265' title='bbox 370 4255 462 4310; x_wconf 74' lang='lat' dir='ltr'>moro.</span> <span class='ocrx_word' id='word_1_266' title='bbox 485 4251 545 4292; x_wconf 86' lang='lat' dir='ltr'>rec.</span> <span class='ocrx_word' id='word_1_267' title='bbox 568 4254 604 4292; x_wconf 86' lang='lat' dir='ltr'>m.</span> <span class='ocrx_word' id='word_1_268' title='bbox 626 4234 777 4292; x_wconf 79' lang='lat' dir='ltr'><em>RFVEO:</em></span> <span class='ocrx_word' id='word_1_269' title='bbox 804 4250 948 4292; x_wconf 90' lang='lat' dir='ltr'>consessus</span> <span class='ocrx_word' id='word_1_270' title='bbox 969 4234 1026 4302; x_wconf 84' lang='lat' dir='ltr'>Pb,</span> <span class='ocrx_word' id='word_1_271' title='bbox 1049 4231 1191 4288; x_wconf 83' lang='lat' dir='ltr'>confessus</span> <span class='ocrx_word' id='word_1_272' title='bbox 1207 4231 1282 4287; x_wconf 88' lang='lat' dir='ltr'>PoB</span> 
     </span>
    </p>

    <p class='ocr_par' dir='ltr' id='par_1_7' title="bbox 129 4315 1281 4566">
     <span class='ocr_line' id='line_1_30' title="bbox 220 4315 1280 4392; baseline -0.006 -14"><span class='ocrx_word' id='word_1_273' title='bbox 220 4319 349 4378; x_wconf 75' lang='lat' dir='ltr'>hhnimi</span> <span class='ocrx_word' id='word_1_274' title='bbox 363 4320 474 4377; x_wconf 89' lang='lat' dir='ltr'>arbitrio</span> <span class='ocrx_word' id='word_1_275' title='bbox 490 4337 565 4377; x_wconf 90' lang='lat' dir='ltr'>amor</span> <span class='ocrx_word' id='word_1_276' title='bbox 580 4321 717 4377; x_wconf 82' lang='lat' dir='ltr'>Pithoeus</span> <span class='ocrx_word' id='word_1_277' title='bbox 790 4337 832 4375; x_wconf 90' lang='lat' dir='ltr'>an.</span> <span class='ocrx_word' id='word_1_278' title='bbox 851 4317 967 4392; x_wconf 87' lang='lat' dir='ltr'>quiarb.</span> <span class='ocrx_word' id='word_1_279' title='bbox 994 4318 1017 4373; x_wconf 94' lang='lat' dir='ltr'><em>V</em></span> <span class='ocrx_word' id='word_1_280' title='bbox 1086 4315 1103 4374; x_wconf 91' lang='grc'><strong>6</strong></span> <span class='ocrx_word' id='word_1_281' title='bbox 1128 4315 1179 4372; x_wconf 78' lang='grc' dir='ltr'>ΕΟ</span> <span class='ocrx_word' id='word_1_282' title='bbox 1200 4317 1280 4373; x_wconf 86' lang='lat' dir='ltr'>Vinc.</span> 
     </span>
     <span class='ocr_line' id='line_1_31' title="bbox 138 4394 1281 4479; baseline -0.003 -18"><span class='ocrx_word' id='word_1_283' title='bbox 138 4407 242 4463; x_wconf 82' lang='lat' dir='ltr'>Bcitoo.</span> <span class='ocrx_word' id='word_1_284' title='bbox 265 4422 344 4478; x_wconf 84' lang='lat' dir='ltr'>spec.</span> <span class='ocrx_word' id='word_1_285' title='bbox 366 4409 459 4464; x_wconf 81' lang='lat' dir='ltr'>doctr.</span> <span class='ocrx_word' id='word_1_286' title='bbox 482 4405 584 4479; x_wconf 88' lang='lat'>5,10.</span> <span class='ocrx_word' id='word_1_287' title='bbox 607 4422 650 4478; x_wconf 86' lang='lat' dir='ltr'>sp.</span> <span class='ocrx_word' id='word_1_288' title='bbox 673 4411 733 4461; x_wconf 87' lang='lat' dir='ltr'>nat.</span> <span class='ocrx_word' id='word_1_289' title='bbox 758 4405 814 4475; x_wconf 90' lang='lat'>31,</span> <span class='ocrx_word' id='word_1_290' title='bbox 837 4403 897 4459; x_wconf 83' lang='lat'>115</span> <span class='ocrx_word' id='word_1_291' title='bbox 989 4394 1073 4458; x_wconf 75' lang='lat' dir='ltr'>*nile</span> <span class='ocrx_word' id='word_1_292' title='bbox 1096 4399 1162 4457; x_wconf 90' lang='lat' dir='ltr'>nihil</span> <span class='ocrx_word' id='word_1_293' title='bbox 1185 4401 1222 4470; x_wconf 74' lang='lat' dir='ltr'>t,</span> <span class='ocrx_word' id='word_1_294' title='bbox 1239 4402 1281 4475; x_wconf 81' lang='lat' dir='ltr'>cf.</span> 
     </span>
     <span class='ocr_line' id='line_1_32' title="bbox 129 4490 653 4566; baseline 0.002 -19"><span class='ocrx_word' id='word_1_295' title='bbox 129 4508 179 4566; x_wconf 80' lang='lat' dir='ltr'>pp.</span> <span class='ocrx_word' id='word_1_296' title='bbox 198 4490 237 4548; x_wconf 85' lang='lat'>56</span> <span class='ocrx_word' id='word_1_297' title='bbox 326 4493 436 4547; x_wconf 90' lang='lat' dir='ltr'>testium</span> <span class='ocrx_word' id='word_1_298' title='bbox 451 4493 484 4563; x_wconf 81' lang='lat' dir='ltr'>F,</span> <span class='ocrx_word' id='word_1_299' title='bbox 502 4497 606 4548; x_wconf 90' lang='lat' dir='ltr'>certum</span> <span class='ocrx_word' id='word_1_300' title='bbox 631 4492 653 4548; x_wconf 94' lang='lat' dir='ltr'><em>V</em></span> 
     </span>
    </p>
   </div>
   <div class='ocr_carea' id='block_1_5' title="bbox 184 4585 1075 4637">
    <p class='ocr_par' dir='ltr' id='par_1_8' title="bbox 184 4585 1075 4637">
     <span class='ocr_line' id='line_1_33' title="bbox 184 4585 1075 4637; baseline 0 -1"><span class='ocrx_word' id='word_1_301' title='bbox 184 4597 311 4636; x_wconf 73' lang='lat' dir='ltr'>emmim</span> <span class='ocrx_word' id='word_1_302' title='bbox 325 4597 406 4637; x_wconf 74' lang='lat' dir='ltr'>Snus.</span> <span class='ocrx_word' id='word_1_303' title='bbox 1060 4585 1075 4636; x_wconf 75' lang='grc' dir='ltr'>Γ)</span> 
     </span>
    </p>
   </div>
   <div class='ocr_carea' id='block_1_6' title="bbox 0 0 1637 5180">
    <p class='ocr_par' dir='ltr' id='par_1_9' title="bbox 0 0 1637 5180">
     <span class='ocr_line' id='line_1_34' title="bbox 0 0 1637 5180; baseline 0 0"><span class='ocrx_word' id='word_1_304' title='bbox 0 0 1637 5180; x_wconf 95' lang='lat' dir='ltr'> </span> 
     </span>
    </p>
   </div>
  </div>
 </body>
</html>
