3252 5180
576 499 850 552 ruonneousus.
1153 564 1154 575 χ
1243 483 1286 548 45

139 656 290 742 ignotum
311 655 431 737 fuisse,
456 675 552 741 quam
574 663 774 720 vetustorum
797 652 953 718 codicum
967 651 1167 738 corruptelae
1189 673 1285 738 quae·

139 759 233 840 dam,
265 779 348 845 quae
376 778 418 820 ex
441 755 551 820 Gellio
579 755 676 819 facile
707 757 814 820 sanari
842 763 1008 842 poterant,
1037 753 1139 819 veluti
1168 775 1199 821 v.
1222 753 1283 817 221

138 862 228 925 heres
250 862 349 943 fietne.
394 858 435 922 In
457 857 691 923 recentioribus
715 858 845 921 demum
868 855 1035 934 codicibus
1054 865 1086 920 et
1101 877 1214 919 versus
1230 853 1286 918 ille

140 960 334 1026 emendatus
367 958 488 1043 legitur
517 967 548 1023 et
576 960 757 1022 certissima
790 968 978 1046 comparent
1005 956 1106 1022 Gellii
1133 956 1284 1040 vestigia,
1344 985 1351 994 „

140 1085 196 1126 ex.
223 1085 274 1146 gr.
303 1063 338 1124 in
365 1060 477 1125 codice
502 1059 541 1141 U,
577 1070 608 1125 et
637 1062 671 1125 in
693 1061 927 1146 Bambergensi
956 1084 1010 1148 pg.
1034 1045 1074 1125 67
1098 1059 1286 1124 ‘Sententiae
1342 1132 1345 1141 s

141 1164 254 1229 Publii
281 1165 326 1228 ad
351 1183 541 1227 coneninnern
574 1182 666 1227 nsnrn
700 1166 955 1228 accommodatae.
999 1163 1194 1245 Benedeinnr
1221 1164 1286 1223 eta’

140 1287 226 1350 quae
254 1264 356 1328 verba
384 1287 426 1328 ex
453 1265 525 1350 ipsc
554 1262 662 1328 Gellio
690 1267 793 1350 petita
821 1272 907 1328 sunt.
952 1262 1046 1343 Quae
1075 1284 1148 1327 cum
1178 1263 1225 1325 ita
1252 1281 1286 1322 se

140 1367 296 1449 habeant,
320 1365 498 1429 sententias
518 1363 684 1430 Gellianas
708 1376 834 1430 tantum
854 1388 919 1431 non
942 1386 1051 1431 omnes
1073 1371 1213 1429 aetatem
1235 1370 1286 1425 tu-

139 1468 223 1532 lisse
245 1468 388 1531 maxime
410 1477 459 1532 est
481 1466 711 1552 verisimiless).

229 1568 343 1635 Altera
366 1572 513 1656 quaestio
537 1570 683 1634 exoritur
704 1569 800 1633 baec:
828 1580 960 1635 utrum
982 1567 1203 1633 sententiis
1226 1566 1284 1628 in-

142 1693 235 1737 esse
268 1671 473 1754 credamus
507 1669 678 1736 aliorum
706 1663 859 1758 quoque
886 1679 1093 1759 poetarum
1122 1676 1286 1755 praeter

141 1771 367 1838 Publilium
390 1795 531 1836 versus
554 1771 699 1836 necne?

230 1877 281 1940 Ac
303 1874 344 1938 de
365 1876 519 1939 Terentio
548 1874 681 1961 quidem
704 1883 736 1939 et
757 1874 897 1939 Laberio
925 1875 1069 1939 breviter
1092 1871 1216 1936 dictum
1239 1882 1288 1934 est

141 2000 200 2066 pg.
223 1978 263 2058 ²4,
297 1977 392 2042 Mutii
422 1999 537 2040 versus
566 1978 672 2040 inesse
707 1977 869 2041 immerito
903 1978 1088 2062 suspicatur
1116 1972 1287 2054 Baehrius,

143 2081 223 2144 hist.
246 2079 309 2143 litt.
324 2081 418 2143 Rom.
442 2077 506 2142 vol.
524 2078 551 2142 Ι.
576 2079 626 2142 ed.
643 2078 673 2142 4.
696 2101 751 2165 pg.
767 2079 841 2143 330.
887 2077 952 2143 Sed
976 2099 1051 2140 ecce
1073 2076 1287 2163 gravissimus

142 2181 241 2264 nobis
263 2190 376 2245 auctor
391 2178 556 2244 inducitur
570 2180 609 2242 L.
627 2179 832 2266 Spengelius,
855 2180 890 2242 in
905 2179 1041 2243 Caecilii
1057 2177 1155 2243 Statii
1170 2178 1287 2260 fragm.

143 2283 243 2370 pga
273 2284 319 2346 ita
341 2281 520 2364 disserens:
550 2281 607 2346 ‘In
635 2282 744 2346 latinis
765 2281 840 2364 Syri
867 2283 1026 2346 sententiis
1049 2281 1174 2362 pariter
1196 2284 1288 2359 atqnc
1371 2325 1377 2330 -

143 2388 182 2450 in
196 2384 375 2449 Menandri
394 2385 515 2466 praecis
531 2385 632 2465 plara
652 2385 779 2447 cetastis
800 2385 923 2448 cornicis
946 2388 974 2448 et
995 2384 1124 2465 trapieis
1146 2385 1288 2463 concerpta

145 2488 252 2550 latent.
300 2485 387 2565 Qnae
409 2488 464 2566 qni
484 2479 575 2550 nobis
595 2487 739 2567 serravit,
761 2486 826 2550 nisi
841 2505 877 2549 ea
891 2486 969 2567 ipsis
984 2489 1146 2549 anctornni
1159 2483 1286 2563 fabalia,

145 2611 161 2652 e
184 2589 278 2660 libris
295 2591 429 2651 veterani
450 2607 535 2652 nnnc
556 2587 732 2668 deperditis,
755 2587 862 2667 quales
881 2586 1014 2651 Senecae
1035 2583 1130 2650 Gellii
1152 2584 1289 2648 aliornrn

144 2695 234 2768 snnt,
264 2689 418 2770 descripta
440 2691 614 2771 congressit&
659 2687 700 2751 Id
722 2685 809 2752 haud
832 2686 936 2752 dubie.
954 2687 1102 2774 scripsit,
1132 2707 1205 2748 cum
1226 2684 1288 2748 Bo-

79 2797 87 2806 ‘
144 2791 207 2855 thii
236 2790 303 2854 fide
331 2790 470 2855 confisus
493 2787 629 2854 Publilii
652 2810 723 2852 esse
745 2799 901 2872 sumeret,
930 2797 1086 2875 quotquot
1108 2785 1163 2851 ille
1185 2785 1290 2849 edidit
1371 2839 1374 2846 .

147 2893 342 2973 sententias,
371 2890 459 2978 quod
480 2900 590 2955 tamen
611 2891 731 2955 falsum
754 2913 825 2956 esse
847 2892 912 2955 iam
933 2913 1031 2977 supra
1053 2888 1312 2972 demonstravi-h

146 3017 228 3086 mus.
275 2993 367 3072 Quid
388 2993 505 3077 multa!
529 2992 623 3073 Quae
646 2991 838 3079 Spengelius
855 2990 1018 3080 Sophocli,
1041 2989 1206 3077 Euripidi,
1222 2988 1288 3051 En-

145 3099 217 3179 nio,
240 3095 399 3179 Varroni,
424 3096 575 3160 Ciceroni
597 3094 761 3178 vindicat,
786 3117 828 3158 ex
848 3095 889 3158 iis
912 3095 993 3182 ipsis
1016 3090 1202 3156 auctoribus
1225 3111 1290 3153 non

147 3199 291 3262 indicato
314 3196 404 3261 fonte
426 3197 563 3262 Bothius
592 3198 715 3284 primus
738 3194 933 3260 Publilianis
956 3195 1124 3259 sententiis
1146 3194 1288 3256 inserue-

147 3310 208 3385 rat,
232 3322 307 3364 cum
328 3299 363 3362 in
386 3296 553 3364 codicibus
569 3299 689 3363 nostris
705 3319 766 3362 nec
779 3289 855 3363 vola
870 3319 930 3360 nec
945 3297 1123 3380 vestigium
1137 3295 1289 3381 supersit.
1324 3333 1334 3388 .‘

148 3473 352 3482 —--———·--.-—

216 3557 248 3621 ²⁸)
267 3558 356 3608 Aliter
374 3559 551 3608 statuendum
571 3563 613 3608 est
631 3557 663 3608 de
682 3519 778 3623 paneis
797 3556 961 3621 quibusdam
980 3555 1136 3614 sententiis,
1156 3568 1224 3616 quas
1243 3551 1289 3602 Se-

148 3659 217 3696 neca
230 3643 415 3709 philosophus
433 3659 488 3692 non
506 3642 600 3692 addito
620 3645 742 3693 auctoris
754 3643 863 3692 nomine
878 3640 979 3703 attulit,
997 3638 1084 3690 veluti
1098 3638 1178 3703 epist.
1192 3638 1234 3700 94,
1247 3638 1287 3685 43.

150 3731 207 3793 108,
228 3732 268 3779 11.
304 3729 372 3779 Nam
392 3727 453 3778 fieri
471 3733 570 3794 potest,
589 3731 620 3777 ut
637 3742 734 3778 versus

319 3843 431 3897 Acarna
449 3845 559 3897 aninrns
577 3843 654 3896 nnlio
666 3843 789 3896 satiatur
806 3843 890 3895 lncro.

323 3927 403 3997 Qnod
420 3928 479 3982 enit
496 3928 588 3994 habet,
607 3928 656 3995 qni
672 3927 740 3982 nelle
758 3927 831 3995 qnod
848 3925 918 3979 satis
935 3929 972 3978 est
985 3929 1083 3992 potest.

150 4050 287 4126 omiserit,
306 4051 352 4114 qui
371 4051 571 4100 sententiarum
591 4065 689 4114 corpus
708 4048 797 4100 Gellio
816 4048 955 4114 cognitum
974 4047 1138 4111 composuit,
1158 4059 1218 4094 cum
1237 4042 1292 4092 sint

149 4135 273 4189 Publilii.
310 4136 367 4185 Iam
386 4150 450 4185 vero
469 4150 539 4200 quae
558 4134 660 4200 legitur
678 4134 817 4184 sententia
836 4149 879 4199 ap.
899 4131 1014 4193 Quintil.
1033 4131 1060 4193 8,
1080 4131 1108 4190 5,
1127 4131 1155 4192 5,
1179 4143 1211 4178 eo
1230 4128 1290 4191 ipso

149 4222 217 4281 loco,
238 4237 291 4285 quo
305 4219 418 4270 dicendi
435 4219 628 4284 ille‘magister
639 4234 704 4269 usus
718 4222 760 4269 est
772 4217 897 4284 exemplo
909 4216 1067 4266 Publiliano
1082 4212 1129 4278 (cf.
1143 4213 1178 4262 ad
1190 4228 1215 4266 v.
1229 4211 1291 4272 628)
1314 4221 1317 4226 '

291 4335 294 4340 '
320 4335 399 4392 Mors
415 4336 516 4388 misera
533 4351 589 4388 nen
607 4340 658 4402 est,
676 4335 772 4388 aditns
789 4333 828 4387 ad
844 4337 955 4387 nortnn
973 4335 1011 4385 est
1027 4329 1120 4406 ntiser.¹

150 4433 275 4511 senarius
294 4459 401 4524 quidem
422 4463 471 4518 est,
491 4459 559 4523 quod
579 4459 651 4524 fugit
667 4456 849 4521 Bonnellium,
868 4454 917 4506 sed
936 4469 998 4502 num
1012 4449 1126 4501 Publilii
1143 4448 1224 4500 valde
1244 4449 1295 4510 du·,

150 4547 218 4597 bito.
257 4545 301 4596 uf.
321 4560 404 4609 supra
422 4560 466 4610 pg.
488 4547 527 4594 13.
