3228 5184
230 361 232 372 ¹
328 385 388 447 112
642 398 798 446 ruumnu
822 399 900 446 srnr
924 397 1154 445 supremum.

323 573 390 611 πων.
411 557 447 616 ut
467 571 626 616 summurn
647 552 762 616 bouum
785 571 974 633 oceuperuus,
996 552 1135 615 serutari
1149 555 1259 632 peetus
1274 551 1370 632 pipet.

411 655 573 733 *Virtutem
594 655 685 718 cutus
692 673 895 735 propressuru
910 653 1034 734 viderie,
1056 673 1096 716 ue
1110 654 1227 716 eretum
1241 653 1307 716 eius
1322 653 1473 734 desperes.

409 755 478 819 Ubi
502 753 570 818 fata
592 764 738 841 peccant,
761 754 927 819 hominum
951 751 1088 817 consilia
1116 752 1282 817 excidunt.

260 933 264 942 ¹
327 866 390 922 630
412 855 573 942 Voluptas
597 878 614 918 e
638 853 766 922 difficili
790 855 866 919 data
889 854 1079 918 dulcissima
1101 864 1160 918 cst.

411 958 478 1022 Ubi
502 958 605 1022 omnis
629 957 699 1020 vita
721 966 825 1020 metus
849 965 909 1038 est,
934 977 1020 1020 mors
1044 965 1094 1019 est
1117 957 1248 1042 optima.

409 1060 503 1124 Unus
527 1057 596 1122 dies
620 1077 757 1144 poenam
778 1057 897 1140 adfert,
920 1056 1016 1122 multi
1039 1058 1193 1142 cogitant.

413 1161 480 1224 Ubi
503 1168 617 1247 peccat
639 1167 728 1223 aetas
751 1160 866 1240 maior,
889 1157 972 1222 male
995 1157 1092 1222 discit
1114 1162 1227 1223 minor.

410 1262 478 1326 Ubi
500 1260 549 1324 nil
572 1262 714 1342 timet-ur,
739 1259 825 1345 quod
848 1261 1001 1325 timeatur
1022 1263 1177 1325 nascitur.

215 1354 218 1363 ¹
327 1372 387 1430 635
411 1364 487 1428 ‘Ubi
511 1364 555 1428 sis
580 1384 653 1426 eum
675 1365 740 1426 tuis
763 1371 795 1425 et
817 1361 916 1442 absis,
939 1363 1080 1448 patriam
1102 1386 1166 1428 non
1189 1363 1366 1427 desideres,

301 1461 303 1464 ’
413 1465 536 1529 Verum
559 1474 619 1545 est,
643 1462 729 1548 quod
752 1486 811 1550 pro
835 1466 938 1528 salute
960 1463 997 1528 fit
1019 1465 1234 1528 mendacium.

414 1566 623 1651 Ubicumque
645 1565 752 1652 pudor
773 1574 834 1646 est,
858 1587 985 1650 semper
1008 1566 1055 1630 ibi
1077 1575 1189 1630 sancta
1211 1575 1261 1630 est
1282 1565 1376 1630 fides.

414 1663 562 1754 (Utilius
579 1688 660 1730 veru
678 1669 727 1730 est
750 1667 785 1729 in
800 1666 900 1749 sulco,
924 1670 1022 1752 quam
1038 1669 1149 1752 gravis
1164 1666 1259 1753 galea
1273 1668 1308 1729 in
1322 1665 1474 1753 proelio.)

412 1769 480 1834 Ubi
502 1770 658 1832 innocens
682 1767 849 1853 formidat,
873 1769 1004 1834 damnat
1026 1770 1178 1834 iudicem.

327 1879 389 1938 640
413 1869 576 1935 Voluntas
599 1869 811 1956 impudicum,
834 1893 899 1934 non
922 1892 1037 1959 corpus
1060 1871 1149 1936 facit.

417 1973 542 2037 Virtuti
564 1961 679 2036 melius
703 1993 799 2058 quam
821 1972 971 2037 fortunae
993 1973 1146 2038 creditur.

415 2074 561 2138 Verbum
584 2095 678 2140 omne
699 2074 811 2156 refert,
834 2078 987 2161 inquam
1010 2084 1134 2161 partem
1156 2072 1339 2157 intellegas.

414 2178 531 2241 Virum
552 2175 671 2241 bonum
695 2185 822 2259 natura,
845 2199 911 2240 non
932 2176 1011 2242 ordo
1032 2177 1123 2240 facit.
1239 2219 1251 2244 2·

413 2279 483 2343 Ubi
506 2280 614 2365 coepit
635 2299 759 2364 pauper
782 2277 918 2342 divitem
942 2280 1074 2361 imitari,
1097 2280 1191 2364 perit.

330 2389 390 2448 645
413 2382 568 2447 Veterem
590 2379 724 2444 ferendo
748 2381 898 2444 iniuriam
921 2381 1041 2446 invites
1063 2401 1193 2445 novam.

328 2676 462 2718 comens
484 2658 610 2715 raven.
626 2635 709 2715 rur
722 2657 806 2731 (ne),
829 2678 853 2716 v.
870 2658 1052 2723 oro-era
1066 2655 1183 2731 rma)

329 2813 476 2867 evertimus
501 2812 580 2868 Vino.
676 2813 735 2869 146
757 2814 833 2886 piget
848 2811 900 2868 FG
919 2813 998 2872 Vr'nc.
1015 2829 1058 2884 sp.
1075 2815 1103 2869 d.
1120 2812 1155 2884 5,
1172 2813 1226 2874 61;
1249 2813 1324 2886 pegit
1336 2810 1377 2882 P,
1397 2811 1476 2884 piegt

326 2897 352 2951 R
443 2895 500 2951 147
524 2913 558 2952 ne
573 2896 714 2954 [Vt-non
730 2897 766 2968 17,
783 2897 824 2968 cs.
836 2916 920 2968 prov.
938 2897 996 2953 121
1090 2897 1172 2954 ein
1270 2894 1404 2970 finemque
1419 2912 1473 2950 om.

326 2984 354 3038 F
439 2980 553 3054 dispcris
569 2982 641 3038 Poe
744 2982 805 3039 636
827 2981 945 3038 edifficili
961 2983 996 3054 F,
1019 2982 1143 3037 voluntas
1165 2999 1196 3036 er
1212 2983 1238 3037 d.
1257 2981 1336 3036 detur
1351 2978 1475 3034 dulcissi-

329 3081 409 3121 merr
503 3066 561 3122 631
588 3068 640 3121 vita
658 3067 780 3123 Gruter:
803 3068 936 3122 vitaeFrr
1021 3076 1148 3123 motusrr
1235 3067 1364 3139 optimum
1380 3064 1475 3119 Bothe

428 3150 487 3206 632
512 3150 552 3223 cf.
571 3170 593 3208 u.
611 3151 671 3208 609
772 3151 830 3207 dies
847 3152 967 3208 Gruter:
988 3151 1054 3207 deus
1070 3152 1106 3223 F,
1127 3159 1297 3223 corruptum
1317 3157 1347 3206 ut
1368 3167 1393 3206 u.
1410 3146 1475 3204 480

413 3233 490 3289 multi
506 3236 628 3292 Gruter:
645 3253 723 3309 quam
739 3235 817 3291 multi
833 3238 869 3308 F,
886 3237 927 3308 cf.
942 3254 989 3309 pp.
1011 3237 1053 3294 50
1140 3236 1200 3294 633
1223 3255 1254 3290 π.
1283 3233 1332 3290 Ubi
1347 3240 1474 3289 senectus

329 3325 437 3393 peccat,
454 3317 484 3372 ad
504 3336 582 3391 quem
599 3319 701 3394 refugit
716 3321 864 3394 sapientia?
879 3322 906 3378 R
1002 3320 1063 3378 634
1085 3317 1103 3354 *
1119 3321 1156 3377 nil
1171 3323 1295 3377 timetur:
1316 3318 1383 3374 nihil
1397 3325 1418 3372 t.
1439 3319 1471 3388 Τ,

327 3413 348 3459 t.
370 3402 435 3459 nihil
451 3403 487 3474 F,
510 3404 550 3476 cf.
574 3421 622 3477 pp.
640 3406 679 3462 56
788 3405 848 3462 635
873 3415 901 3462 ut
923 3405 993 3461 absis
1010 3407 1102 3463 Bothe
1123 3409 1152 3462 iu
1174 3408 1269 3462 adnot.
1292 3403 1473 3459 413131716-

328 3489 446 3545 beclcr'us
511 3505 565 3544 non
582 3489 676 3546 Bothe
690 3494 718 3546 in
736 3491 832 3548 adnot.
850 3509 902 3547 om.
918 3491 947 3545 F
1020 3491 1080 3548 636
1103 3492 1239 3564 Diphilus
1254 3508 1302 3563 ap.
1320 3488 1473 3545 Stoboeum

332 3571 454 3644 12,12:
478 3559 679 3648 ὑπολαμβάνω
702 3562 733 3629 τὸ
753 3570 865 3646 ψεῦδος
887 3568 934 3629 ἐπὶ
955 3571 1082 3655 σωτηρίᾳ
1098 3566 1269 3650 Λεγόμενον
1289 3565 1378 3630 οὐδὲν
1393 3589 1475 3644 περι-

328 3658 483 3712 ποιεῖσθαι
506 3652 642 3731 torpete
743 3658 773 3716 fir
792 3660 952 3734 plerumque
975 3678 1009 3717 nr.
1034 3663 1071 3732 Τ,
1094 3677 1117 3714 ν.
1139 3679 1175 3717 m.
1199 3662 1228 3716 lit
1248 3677 1298 3735 pro
1319 3677 1340 3715 s.
1362 3675 1384 3712 π

329 3742 389 3800 637
414 3750 456 3797 est
479 3739 545 3798 fides
565 3743 696 3818 Inputat.-
717 3743 783 3800 tides
798 3746 839 3808 17,·
861 3762 886 3800 u.
902 3763 930 3818 p.
947 3744 983 3800 ibi
999 3755 1026 3801 et
1041 3745 1060 3800 l.
1076 3761 1099 3800 π
1200 3746 1259 3804 638
1283 3745 1413 3801 Servavit
1429 3759 1475 3798 so-

327 3829 416 3883 lusu
501 3822 848 3886 *veruestzcstverorr
935 3829 995 3887 639
1019 3830 1126 3885 damnat
1141 3830 1254 3886 iudicem
1272 3831 1393 3886 Gruter.-
1414 3829 1431 3882 i.
1448 3826 1474 3882 d.

328 3912 380 3967 Γπ
468 3911 528 3969 640
551 3913 676 3969 voluntas
693 3913 814 3970 Gruter.-
830 3915 954 3988 voluptas
969 3916 1004 3971 F.
1048 3913 1090 3987 Cf.
1107 3915 1172 3971 Ser.
1189 3914 1315 3970 Phaedr.
1333 3913 1391 3970 743
1407 3913 1473 3968 Pei—

325 4013 384 4069 per
399 3995 451 4069 (=
467 3997 587 4070 Hippot.
605 3998 664 4055 735
683 3997 784 4069 Bothe)
807 3997 894 4055 ‘mens
916 3998 1074 4074 impudicam
1095 3999 1183 4056 lucere
1203 4017 1258 4055 non
1279 4015 1356 4054 cesus
1377 3997 1475 4063 solet';

328 4099 367 4139 ue
384 4090 480 4140 tamen
496 4087 722 4156 corriperemus
738 4082 806 4155 (te.
824 4079 966 4158 occasio),
983 4085 1023 4157 ef.
1039 4085 1100 4141 Lir.
1119 4087 1147 4156 1,
1164 4085 1215 4156 58,
1232 4085 1249 4140 9
1271 4083 1398 4142 ‘mentem
1413 4098 1477 4155 pec·

326 4185 396 4240 care,
412 4184 467 4224 non
483 4168 595 4241 corpus'
611 4175 638 4224 et
655 4187 679 4225 r.
695 4167 754 4224 481
798 4174 808 4183 ”
843 4169 1007 4242 impudicum
1023 4185 1078 4224 non
1094 4169 1179 4241 Gacp.
1200 4169 1289 4226 Orelli
1297 4194 1304 4224 .·
1326 4185 1382 4223 non
1396 4166 1475 4241 pudi-

328 4270 391 4309 cum
408 4254 437 4308 F
521 4251 581 4310 644
605 4253 650 4326 Gf.
667 4254 794 4310 Phaedr.
813 4254 840 4325 1,
855 4253 935 4326 26‚1
953 4251 1045 4328 ‘inops
1060 4262 1200 4326 potentem
1216 4254 1278 4309 dum
1294 4252 1352 4308 vult
1366 4252 1475 4324 imitari,

332 4338 426 4412 perit’.
469 4354 573 4412 pauper
593 4337 700 4394 divitem
719 4338 840 4396 Gruter:
862 4338 888 4395 d.
903 4358 930 4414 p.
947 4341 983 4410 F,
1005 4337 1050 4394 ubi
1064 4357 1091 4412 p.
1106 4337 1132 4395 d.
1154 4340 1256 4412 ceperit
1270 4339 1286 4394 i.
1303 4356 1330 4412 p.
1347 4355 1368 4391 π

328 4421 388 4479 645
414 4423 524 4480 Gellius
541 4423 590 4494 17,
609 4422 663 4494 14,
687 4422 820 4480 Macrob.
837 4423 898 4480 Sat.
916 4423 951 4496 2,
969 4425 997 4496 7,
1018 4427 1084 4480 Jou.
1108 4424 1225 4480 Saresb.
1244 4424 1349 4480 Potior.
1365 4423 1400 4495 8,
1419 4423 1476 4492 14;
