3228 5184
480 441 635 492 PUBLILII
658 441 736 492 SYRI
760 441 989 492 SENTENTIAE.

251 597 392 662 Virtutis
416 595 521 683 spolia
543 619 617 662 eum
639 596 741 680 videt,
764 596 886 682 gaudet
907 595 1007 660 labor.

251 698 392 764 Virtutis
416 697 526 764 vultus
549 707 676 786 partem
697 697 796 764 habet
818 698 986 766 victorias.

250 799 382 865 Virtute
405 799 492 888 quod
514 822 580 866 non
601 801 719 889 possis,
742 797 902 864 blanditia
924 799 1064 865 auferas.

250 900 432 990 Utrumque
454 925 563 968 casum
586 905 733 990 aspicere
756 901 864 986 debet,
888 903 943 989 qui
965 903 1114 988 imperat.

164 1007 230 1068 650
252 1001 412 1091 Voluptas
435 1005 535 1070 tacita
556 1014 663 1070 metus
687 1011 736 1070 est
757 1025 852 1090 mage
875 1025 972 1091 quam
993 1002 1159 1089 gaudium.

250 1103 324 1169 Viri
346 1105 423 1171 boni
447 1114 500 1172 est
521 1108 647 1172 nescire
669 1107 824 1172 iniuriam
846 1107 925 1194 pati.

252 1205 355 1272 Vultu
376 1229 419 1272 an
440 1219 558 1275 natura
581 1209 711 1297 sapiens
733 1209 790 1290 sis,
812 1207 951 1273 multum
972 1207 1118 1272 interest.

251 1307 376 1376 Virtuti
397 1331 540 1376 amorem
562 1305 657 1374 'nemo
680 1310 816 1375 honeste
838 1309 988 1396 denegat.

161 1427 231 1468 Prov.
254 1411 366 1476 Zetum
388 1413 425 1477 de
447 1414 500 1478 deo
523 1417 648 1478 tuntum
669 1412 794 1491 habeas,
818 1433 882 1478 aaa
904 1417 1013 1478 eontra
1035 1411 1182 1477 homines.

163 1517 226 1576 149
249 1510 359 1579 Zeturt'
381 1519 486 1582 uatem
506 1514 686 1581 homiuibus
706 1515 853 1580 uitiosum
875 1519 926 1580 est.

166 1755 303 1800 comeus
318 1759 343 1796 v.
360 1740 542 1800 eta-653:
566 1743 595 1799 F
607 1739 687 1815 (Τπ),
709 1729 835 1798 Proverb.
851 1743 935 1800 PRE

165 1875 211 1948 cf.
226 1893 250 1931 v.
268 1874 339 1934 238.
356 1876 417 1934 592
513 1877 655 1934 inferendo
671 1896 693 1933 rr
789 1879 884 1935 invites
899 1877 940 1934 F:
954 1879 1050 1934 invitas
1065 1895 1088 1934 rr
1101 1879 1220 1952 Inyolst.

165 1960 230 2018 647
256 1959 299 2033 Cf.
314 1981 339 2018 v.
356 1961 418 2019 492
490 1962 587 2018 vulnus
602 1963 722 2037 Inyotst.
805 1962 865 2020 648
888 1979 1051 2020 norom
1091 1962 1184 2021 ’649
1207 1971 1310 2019 utrum-

164 2061 222 2118 que
238 2041 343 2126 casum]
365 2051 383 2102 i.
400 2064 424 2104 e.
446 2051 594 2104 victoriam
616 2056 643 2104 et
661 2049 777 2123 fugiam,
805 2051 849 2104 vel
864 2063 1012 2120 prospera
1035 2056 1062 2105 et
1076 2035 1208 2106 ¹‹sdversu

165 2129 232 2188 650
254 2147 331 2204 mage
348 2131 469 2188 Gruter:
489 2133 575 2206 magis
591 2131 619 2186 F
623 2157 632 2195 ;
653 2149 689 2188 rn.
705 2133 790 2206 magis
807 2149 886 2206 quam
904 2132 1029 2204 gaudium
1046 2141 1087 2189 est
1103 2133 1212 2205 Bothe,
1234 2147 1311 2206 mage

165 2231 205 2270 m.
223 2231 248 2287 q.
265 2233 292 2288 g.
309 2223 351 2272 est
367 2216 476 2273 Gruter
583 2216 641 2274 651
666 2211 821 2273 *iniuriam
836 2218 890 2290 pati
906 2219 970 2273 solt.
986 2236 1011 2274 v.
1028 2218 1146 2274 99:1111.
1163 2217 1250 2274 facere
1264 2218 1313 2272 Frr

165 2301 246 2356 unde
268 2302 350 2373 aalys
375 2300 464 2358 tacere
485 2302 617 2356 iniuriam.
661 2308 697 2358 At
717 2304 790 2359 idem
812 2304 905 2358 cedes
926 2305 1057 2374 ruperto
1076 2318 1168 2373 supra
1191 2304 1310 2358 eandem

165 2388 338 2441 sententiam
358 2389 401 2442 sic
423 2387 554 2442 exhibet:
580 2385 609 2441 V.
626 2384 650 2442 b.
668 2394 710 2442 est
730 2389 835 2443 nescire
855 2387 910 2459 pati
931 2385 973 2442 vel
995 2386 1083 2442 facere
1103 2387 1226 2442 iniuriam
1248 2403 1312 2443 cum

167 2467 254 2525 Ceae.
271 2469 365 2527 Balbo
379 2469 498 2528 Monac.
514 2469 565 2542 22,
581 2468 600 2525 4
617 2469 661 2542 (p.
678 2470 739 2544 27),
759 2471 856 2528 Paris.
874 2470 912 2527 12
930 2466 973 2546 (p.
991 2470 1058 2544 38);
1081 2473 1185 2527 nescire
1200 2470 1242 2528 vel
1257 2471 1311 2544 pati
1390 2532 1392 2538 ,

165 2551 211 2608 vel
233 2549 320 2610 iacere
339 2556 462 2611 iniuriam
492 2557 570 2614 Vina.
590 2555 665 2614 Bell.
688 2572 731 2628 sp.
752 2558 817 2614 trist.
833 2556 868 2627 3,
884 2555 940 2628 82,
961 2572 1006 2629 sp.
1027 2559 1054 2612 d.
1070 2555 1105 2629 4,
1122 2555 1178 2629 83,
1201 2557 1312 2614 Walter
1383 2547 1385 2550 ’

166 2637 256 2696 Burl.
269 2655 291 2694 a.
306 2641 461 2697 v.-Aristot.
477 2647 508 2697 ut
523 2643 558 2697 de
572 2644 741 2714 ylossemata
757 2645 807 2698 virt
821 2642 950 2698 dubitari
958 2645 1061 2713 possit.
1122 2640 1182 2698 652
1205 2642 1311 2716 sapiens

166 2723 206 2778 sis
222 2723 329 2781 Bothe:
344 2726 382 2781 sis
397 2741 456 2799 sap.
473 2725 502 2780 F
569 2727 707 2784 Proverb.
726 2725 798 2798 148,
817 2724 875 2784 149
890 2727 987 2790 Pau·
1009 2743 1061 2783 om.
1078 2724 1136 2782 FO.
