3252 5180
335 444 377 512 90
621 487 623 495 ι
770 456 1043 512 recenseamus.

335 618 419 682 liber
446 617 721 704 proverbiorum’,
750 619 772 680 i.
802 639 828 681 e.
857 619 1037 683 sententiae
1065 615 1216 710 Publilii,
1248 613 1365 701 quibus
1394 610 1476 678 aliae

334 729 443 783 tamen
465 719 665 806 irrepserunt
687 741 728 782 ex
749 717 822 784 aliis
839 719 1026 784 auctoribus
1043 718 1243 804 desumptae.
1280 715 1354 780 Hoc
1368 725 1476 781 autem

333 823 368 884 in
390 820 502 884 codice
525 819 691 904 singulare
714 829 780 903 est,
810 819 896 906 quod
919 820 980 886 sub
1003 820 1100 883 finem
1121 818 1368 904 proverbiorum
1391 816 1476 881 litte-

333 944 389 986 rae
418 923 449 987 V
467 921 587 1006 viginti
609 922 678 984 fere
701 923 880 986 sententiae
903 921 1094 986 subiunctae
1117 930 1208 1004 sunt,
1237 920 1357 1006 partim
1379 918 1475 1005 pede-

335 1033 434 1106 stres,
463 1023 576 1087 decem
598 1022 820 1106 Publilianae,
844 1024 1035 1109 mediusque
1057 1023 1107 1087 his
1130 1023 1270 1087 insertus
1293 1042 1409 1085 versus
1433 1019 1476 1104 (si

334 1124 430 1190 modo
451 1146 566 1188 versus
591 1126 652 1210 est)
676 1135 807 1189 nostrae
830 1123 983 1190 editionis
1007 1125 1086 1208 638,
1108 1123 1272 1211 prioribus
1296 1122 1475 1187 editoribus

334 1230 476 1310 ignotus.

419 1329 488 1392 Iam
510 1349 629 1412 agmen
652 1326 804 1392 claudant
826 1328 851 1392 ii
873 1327 1013 1411 codices,
1038 1328 1093 1414 qui
1115 1350 1135 1391 a
1157 1327 1319 1413 prioribus
1341 1323 1476 1390 Publilii

334 1427 513 1492 editoribus
536 1427 677 1492 adhibiti
699 1438 797 1514 sunt„

420 1529 559 1594 Codex
582 1529 756 1613 Erasmi,
781 1532 870 1595 cuius
893 1531 935 1594 ad
958 1531 1055 1594 fidem
1070 1533 1141 1617 ipsc
1164 1531 1340 1595 editionem
1355 1529 1475 1616 princi-

335 1653 407 1719 pem
431 1633 569 1695 curavit.
608 1631 692 1694 Eum
716 1653 787 1696 esse
810 1635 925 1714 exiis,
950 1655 1028 1718 quos
1051 1632 1219 1698 Bentleius
1242 1654 1285 1696 ex
1304 1630 1474 1696 Cantabri-

333 1734 407 1816 giae
428 1732 637 1797 bibliothecis
659 1733 788 1820 petitos
801 1735 873 1821 ipse
895 1737 1051 1817 versavit,
1076 1733 1172 1798 valde
1193 1734 1264 1797 veri
1287 1733 1392 1797 simile
1415 1741 1474 1796 est.

418 1834 557 1899 Codex
578 1833 887 1917 Panthaleonis,
913 1838 1064 1924 ‘scriptus
1088 1845 1163 1899 ante
1185 1833 1309 1922 aliquot
1332 1833 1472 1914 saecula,

219 1928 222 1933 ¹
334 1936 469 2023 pulvere
492 1943 524 1998 et
545 1935 642 1999 tineis
665 1933 734 1999 fere
756 1940 951 2023 corruptus',
974 1947 1010 2003 ut
1032 1938 1102 2026 ipse
1124 1938 1204 2002 dicit
1226 1938 1260 2001 in
1275 1935 1476 2024 praefatione

335 2038 487 2103 editionis
510 2058 594 2101 anno
621 2037 702 2102 1544
723 2039 758 2101 in
779 2038 884 2102 lucem
908 2040 1054 2104 emissae.
1447 2091 1449 2096 s

419 2139 494 2201 Duo
517 2138 676 2203 codices
693 2137 734 2203 G.
752 2139 953 2223 Fabricii,
976 2143 1163 2228 inquorum
1179 2138 1476 2206 alteroProverhia

334 2239 477 2305 Senecae
504 2239 660 2304 videntur
688 2241 810 2328 scripta
832 2243 948 2326 suisse3
965 2241 1120 2308 'alterum
1142 2243 1193 2306 his
1217 2243 1327 2307 verbis
1350 2241 1475 2326 signifi-

334 2342 437 2404 cavit:
466 2343 735 2426 ‘manuscriptum
742 2392 751 2425 ,
775 2343 810 2407 in
833 2367 895 2430 quo
917 2343 1092 2410 multorum
1114 2343 1268 2409 collectae
1290 2353 1381 2408 erant
1403 2365 1476 2406 sen-

332 2443 479 2507 tentiae'.
579 2503 581 2509 .

418 2543 589 2608 Codices
617 2543 812 2629 Palatini,
843 2546 885 2611 ad
915 2571 993 2634 quos
1018 2547 1177 2613 Gruterus
1200 2547 1379 2612 identidem
1401 2569 1474 2633 pro-

333 2654 439 2729 vocat,
463 2644 592 2710 saeculo
608 2646 707 2711 XIII.
723 2647 777 2710 vel
794 2648 888 2714 XIV.
912 2673 977 2715 non
999 2652 1194 2716 vetustiores
1217 2650 1372 2714 censendi
1387 2659 1475 2732 sunt,

334 2748 419 2810 sicut
441 2745 606 2830 colligitur
629 2770 671 2812 ex
693 2749 1011 2837 interpolationibus.
1055 2755 1180 2817 Horum
1202 2753 1304 2838 igitur
1320 2739 1385 2838 ‘ope
1400 2772 1474 2814 cum

216 2929 221 2942 .
333 2847 430 2912 facile
453 2869 563 2912 carere
585 2851 757 2935 possimus,
779 2874 863 2917 unus
886 2863 1028 2934 tantum,
1052 2854 1109 2940 qui
1131 2853 1305 2938 indagetur,
1328 2863 1359 2917 et
1380 2875 1475 2916 accu-

333 2951 434 3013 ratius
459 2951 658 3036 excutiatur,
688 2975 753 3018 non
774 2953 871 3040 plane
893 2955 1048 3040 indignus
1072 2965 1137 3037 est,
1166 2978 1239 3020 eum
1262 2957 1351 3040 dice,
1381 2957 1475 3019 cuius

332 3052 529 3138 mentionem
553 3052 632 3118 fecit
655 3053 815 3120 Gruterus
838 3056 879 3120 ad
903 3078 935 3119 v.
951 3058 1003 3140 35,
1028 3068 1059 3121 et
1082 3078 1178 3141 quern
1201 3056 1338 3122 eundem
1360 3059 1394 3120 in
1416 3057 1475 3118 ad-

332 3154 553 3218 notationibus
576 3155 619 3218 ad
642 3179 674 3221 v.
697 3157 738 3222 39
761 3167 794 3221 et
818 3159 878 3223 146
901 3159 1086 3244 significare
1108 3158 1250 3223 videtur.
1515 3152 1519 3158 ’

419 3254 555 3326 Codex
585 3256 618 3321 S.
648 3257 832 3340 Amandi,
861 3261 952 3324 cuius
982 3260 1131 3341 meminit
1159 3260 1340 3347 Dionysius
1364 3259 1475 3325 Godo-

332 3354 444 3420 fredus
466 3357 501 3418 in
523 3356 667 3423 editione
689 3359 832 3424 Senecae
853 3383 938 3425 anno
962 3363 1044 3427 1590
1066 3365 1214 3428 emissae.

419 3454 587 3525 Codices
616 3459 795 3526 Bentleii
817 3472 985 3548 quattuor,
1010 3464 1241 3550 Cottonianus,
1265 3463 1474 3546 Sidneianus,

332 3567 438 3631 codex
453 3565 568 3630 Caiani
591 3573 624 3628 et
646 3562 751 3627 codex
773 3563 902 3650 collegii
920 3565 1039 3630 Trinit.
1057 3565 1211 3631 Cantabr.
1235 3575 1371 3653 excepto
1394 3588 1425 3629 v.
1442 3566 1475 3629 9.

334 3665 498 3751 (quicquid
523 3689 581 3752 pro
609 3688 662 3747 eo,
677 3654 777 3750 ¹quod
805 3666 839 3728 in
867 3666 1002 3753 reliquis
1029 3667 1123 3732 libris
1146 3667 1303 3753 scriptum
1326 3677 1375 3731 est
1397 3670 1478 3748 quid

330 3769 384 3832 vel
408 3769 504 3854 quod)
535 3767 617 3830 nihil
639 3768 708 3830 fere
731 3767 809 3830 boni
831 3767 969 3849 habent,
999 3770 1064 3834 nisi
1086 3769 1171 3854 quod
1194 3770 1228 3832 in
1250 3769 1372 3833 nostris
1395 3791 1475 3854 quo-

330 3891 393 3955 que
423 3868 590 3933 codicibus
617 3866 774 3933 traditum
797 3870 849 3932 sit.
895 3868 1055 3949 Quintum
1077 3869 1237 3952 codicem,
1266 3869 1474 3952 Leidensem,

331 3970 473 4036 Bentleii
495 3971 530 4035 in
551 3971 692 4055 gratiam
715 3970 877 4035 consuluit
898 3971 1104 4036 Abrahamus
1129 3971 1327 4038 Gronovius.

416 4071 553 4136 Codex
580 4070 1003 4159 Gryphiswaldensis,
1033 4073 1318 4156 membranaceus,
1345 4073 1475 4138 saeculo

329 4175 398 4238 fere
421 4174 516 4238 XIV.
540 4174 696 4260 scriptus,
721 4172 857 4239 collatus
880 4197 899 4238 a
921 4174 1103 4240 Reinholdo
1127 4199 1211 4240 anno
1238 4177 1328 4257 1838,
1351 4174 1475 4240 nullius

331 4285 381 4339 est
402 4276 510 4361 pretii.
