3252 5180
597 415 871 465 raonasouaua
1262 402 1304 466 43
1413 473 1422 480 ,

111 603 117 624 ·
158 570 272 633 nensis
296 591 338 633 ex
360 568 505 655 pleniore
527 567 705 656 exemplari
729 569 818 633 ducti
836 590 917 652 esse,
940 568 1057 656 reliqui
1073 570 1305 633 sententiarum

158 670 302 760 amplius
327 679 457 735 centum
479 673 637 736 iacturam
654 670 786 736 fecisse.

246 773 432 838 Occurrunt
454 781 563 837 tamen
578 771 690 855 multa,
715 794 797 859 quae
812 772 997 856 admonent,
1021 781 1057 838 ut
1072 774 1306 860 circumspecto

159 875 285 940 iudicio
315 883 458 939 utamur:
488 896 521 938 v.
544 875 584 940 37
607 874 651 938 ad
673 874 810 938 verbum
832 875 920 938 idem
943 883 993 939 est
1015 896 1088 939 cum
1110 874 1307 940 Terentiano

159 977 309 1040 Andriae
331 977 362 1059 3,
385 978 416 1058 3,
438 978 490 1059 23,
514 998 630 1041 versus
651 977 702 1060 84,
725 975 853 1042 litterae
874 978 908 1041 B
929 975 1074 1059 ultimus,
1098 978 1234 1042 omissus
1258 987 1307 1043 est

159 1079 195 1142 in
223 1077 475 1143 Vindobonensi
508 1087 539 1142 et
569 1076 612 1142 ad
638 1079 817 1142 Martinum
850 1078 1065 1142 Dumicnsem
1096 1077 1305 1162 referendus3

159 1189 332 1267 suspectus
357 1182 429 1267 ipsc
450 1179 557 1261 locus,
587 1201 649 1267 quo
671 1180 705 1243 in
727 1180 797 1245 FV
814 1179 864 1243 illi
885 1201 1000 1244 versus
1022 1180 1197 1266 perscripti
1219 1190 1305 1262 sunt,

159 1283 196 1353 in
224 1282 289 1346 fine
318 1280 444 1346 scilicet
473 1279 654 1346 litterarum
676 1281 803 1345 A-M.
848 1281 1021 1345 Praeterea
1042 1282 1077 1344 in
1099 1280 1160 1345 hac
1182 1283 1305 1346 codicis

159 1384 386 1475 Frisingensis
413 1381 595 1469 appendice
621 1392 687 1447 tres
710 1392 880 1447 recurrunt
907 1383 1104 1464 sentcntiae,
1133 1405 1212 1469 quas
1236 1405 1305 1447 eas·

115 1537 121 1545 .
159 1485 238 1549 dem
266 1485 421 1549 librarius
450 1485 515 1548 iam
538 1507 636 1571 supra
658 1486 848 1572 scripserat:
877 1508 919 1549 v..
933 1485 974 1549 89
995 1485 1153 1569 integrior
1175 1495 1251 1548 ante
1272 1507 1306 1547 v.

161 1587 234 1669 107,
258 1610 290 1651 v.
315 1587 377 1650 182
399 1587 601 1653 emendatior
622 1596 696 1674 post
718 1610 749 1650 u.
776 1587 846 1669 193,
870 1610 902 1650 v.
918 1588 980 1650 248
1002 1587 1132 1668 iterum,
1156 1586 1214 1650 sed
1236 1608 1305 1650 cor·

157 1697 275 1777 ruptus
300 1687 420 1772 legitur
442 1698 514 1774 post
529 1711 562 1753 v.
577 1689 650 1753 262.
694 1686 787 1753 Alias
804 1689 982 1758 sententias
1004 1689 1039 1751 in
1054 1686 1220 1752 codicibus
1236 1709 1309 1759 mu:

113 1795 118 1800 '
157 1789 265 1855 tilatis
294 1799 440 1854 servatas
470 1790 577 1854 scriba
601 1791 838 1874 Frisingensis,
868 1812 941 1854 cum
969 1790 1037 1854 suis
1066 1789 1145 1853 locis
1169 1812 1248 1876 quos
1272 1791 1306 1853 in

157 1890 229 1955 illis
252 1892 400 1956 obtinent
422 1890 630 1977 neglegentia
651 1893 902 1977 praetermisset,
926 1890 1002 1955 huic
1023 1890 1199 1977 appendici
1220 1891 1305 1955 inse·
1382 1876 1385 1881 ⁵

158 1995 245 2076 ruit,
274 2015 307 2057 v.
328 1993 369 2057 47
399 1992 485 2056 inter
513 2015 545 2074 u.
569 1994 609 2057 79
633 2003 664 2057 et
687 1993 743 2076 80,
773 2016 805 2056 v.
829 1993 891 2057 217
920 1995 1007 2058 inter
1036 2016 1068 2055 v.
1091 1992 1155 2056 225
1177 2000 1209 2056 ct
1231 1993 1304 2074 226,

159 2119 194 2158 v.
217 2095 280 2158 241
303 2095 389 2157 inter
411 2115 443 2158 v.
466 2094 529 2158 263
552 2103 584 2159 et
605 2095 678 2177 264,
705 2117 738 2157 v.
761 2095 824 2158 233
846 2095 931 2159 inter
953 2117 985 2157 v.
1007 2095 1070 2158 276
1094 2102 1126 2156 et
1147 2094 1220 2158 277.

248 2197 284 2261 Si
311 2197 452 2282 denique
481 2217 633 2281 quaeras,
663 2219 740 2260 num
768 2217 803 2259 66
831 2194 1057 2260 commendent
1084 2197 1174 2280 ipsae
1196 2194 1306 2282 lepore

158 2308 218 2362 aut
241 2296 372 2361 dicendi
394 2318 531 2382 genere,
555 2296 651 2384 longe
672 2296 828 2384 plurimas
851 2296 1030 2361 simillimas
1055 2318 1126 2360 csse
1148 2295 1304 2360 Publilia-

161 2401 214 2463 nis
244 2399 341 2463 facile
369 2397 612 2464 concedendum
635 2408 701 2483 est,
729 2399 776 2463 ita
798 2409 925 2481 tamen,
954 2407 990 2462 ut
1011 2397 1184 2484 nonnullae
1206 2399 1304 2462 inter-

160 2510 312 2586 currant,
336 2523 419 2588 quae
439 2501 654 2588 paraphrases
677 2502 911 2566 sententiarum
933 2502 1140 2565 metricarum
1163 2522 1234 2564 esse
1255 2502 1303 2564 vi·

163 2603 313 2667 deantur.
359 2602 526 2668 Sententia
549 2604 590 2668 83
613 2625 665 2666 cx.
688 2625 737 2688 gr.

408 2763 490 2822 Bene
511 2763 613 2821 audire
635 2763 759 2821 alterum
774 2764 990 2836 patrimonium
1011 2767 1059 2821 est.

161 2908 279 2973 ultima
300 2907 427 2984 litterae
449 2910 483 2974 B
504 2910 538 2972 in
560 2908 632 2972 cod.
655 2907 756 2972 Vind.
780 2917 877 2994 quam
898 2907 1101 2972 Ribbeckius
1123 2909 1303 2993 interpro-

164 3011 256 3076 batas
278 3009 406 3075 rettulit
427 3013 475 3076 sic
497 3010 701 3075 emendatam

336 3170 419 3228 Bene
442 3165 547 3248 [culpo]
571 3170 674 3228 audire
696 3173 736 3227 cst
758 3170 881 3228 alteram
896 3169 1120 3242 patrimonium,

162 3317 387 3403 interpretatio
415 3317 523 3402 potius
545 3338 578 3379 v.
601 3316 662 3380 217
686 3314 825 3379 dicenda
848 3317 918 3379 crit.
963 3315 1015 3379 Of.
1040 3303 1153 3379 versus
1180 3337 1305 3401 quoque

162 3440 195 3481 v.
220 3419 279 3481 141
310 3426 396 3480 etv.
422 3418 498 3501 165,
522 3417 655 3482 ultimus
682 3416 810 3481 litterae
833 3417 874 3484 E.
918 3417 1030 3498 Quare
1058 3419 1105 3480 sic
1134 3419 1303 3481 existimo:

162 3518 436 3584 vindicandas
467 3542 554 3584 esse
587 3519 656 3583 has
691 3520 920 3602 sententias
949 3517 1147 3600 Publilio,
1182 3517 1305 3582 donec

162 3631 230 3686 aut
254 3622 436 3685 externis
459 3631 526 3686 aut
548 3623 723 3687 internis
744 3621 989 3706 argumentis
1005 3620 1198 3706 probetur
1215 3641 1304 3682 con-

163 3723 348 3806 trarium3
371 3708 559 3810 praevalere
581 3722 712 3809 quidem
732 3722 1028 3810 praesumptionem
1044 3722 1178 3806 originis
1194 3721 1304 3787 Publi·

163 3823 289 3906 lianae,
319 3824 378 3888 sed
405 3823 576 3889 librarium
604 3824 726 3889 codicis
750 3823 795 3905 F,
825 3845 898 3887 cum
921 3845 963 3887 ex
985 3823 1112 3888 duobus
1136 3823 1304 3888 codicibus

163 3927 343 3992 sententias
366 3936 564 4010 contexeret,
587 3926 641 3990 hic
663 3925 731 3990 illic
752 3925 879 4012 lapsum
902 3947 983 3990 esse.

247 4029 282 4113 5)
308 4028 398 4092 Oum·
412 4029 606 4092 vetustiores
629 4013 757 4092 codices
779 4028 932 4092 desinant
951 4029 986 4091 in
1002 4028 1162 4092 decimam
1177 4036 1304 4091 sentcn-

163 4133 242 4196 tiam
264 4129 394 4214 litterae
410 4130 452 4208 N,
476 4133 541 4194 iam
563 4139 710 4195 nostrum
726 4131 787 4193 erit
802 4130 999 4212 examinare,
1024 4129 1119 4216 quid
1142 4151 1303 4192 censen·
1334 4203 1337 4224 ,

164 4233 253 4296 dum
283 4232 336 4296 sit
363 4231 408 4295 de
430 4231 619 4296 versibus
642 4232 714 4296 387
738 4253 842 4318 seqq.
888 4231 985 4310 Quod
1006 4231 1050 4293 ad
1072 4230 1156 4293 hanc
1178 4240 1304 4294 senten-

162 4337 283 4399 tiarum
302 4342 428 4419 partem
449 4335 579 4416 attinet,
602 4335 649 4412 ita
668 4331 711 4396 ad
727 4355 886 4397 summam
907 4333 1076 4419 penuriam
1098 4329 1304 4418 suppellecti-

162 4435 203 4500 lis
232 4436 365 4500 criticae
393 4435 517 4504 redacti
544 4458 672 4518 sumus,
701 4443 737 4504 ut
765 4435 868 4504 omnis
897 4455 993 4500 causa
1021 4433 1115 4524 quasi
1135 4455 1200 4498 uno
1222 4442 1306 4500 teste
