3228 5184
312 433 353 496 84
429 441 438 460 ·
547 467 553 476 =
628 447 784 494 susurru
807 446 885 494 srnr
908 446 1137 494 seurnurmn.

396 600 518 683 Iratusj
540 621 613 663 cum
634 598 677 662 ad
699 620 734 662 se
756 599 866 682 rediit,
890 599 955 663 sibi
976 608 1045 664 tum
1067 599 1228 663 irascitur.

285 689 288 696 ⁴
395 703 436 767 In
457 723 566 766 amore
588 693 716 788 semper
738 722 835 764 causa
858 699 968 764 damni
991 702 1165 787 quaeritur.

312 811 373 868 275
396 803 543 868 Ioounda
565 801 692 867 macula
714 812 763 867 est
786 825 828 866 ex
850 803 975 886 inimici
998 804 1166 888 sanguine.

396 906 436 970 In
458 905 587 970 Venere
609 915 737 991 semper
758 903 864 969 dulcis
888 913 937 968 est
959 904 1134 969 dementia.

395 1011 430 1071 ln
452 995 581 1071 misero*
594 1004 696 1076 facile
713 1006 750 1070 fit
771 1015 886 1092 potens
909 1006 1038 1070 iniuria.

395 1109 576 1194 interdum
588 1107 688 1172 habet
709 1107 868 1173 stultitiae
889 1117 1016 1194 partem
1037 1108 1189 1173 facilitas,

396 1212 521 1275 inertia
543 1220 592 1276 est
614 1209 736 1274 laboris
759 1211 937 1274 excusatio,

313 1321 374 1379 280
396 1313 555 1377 Iniuriam
577 1311 707 1375 facilius
730 1310 831 1376 facias
855 1333 950 1397 quam
973 1312 1069 1375 feras.

395 1416 503 1480 Iratus
526 1413 573 1478 nil
594 1437 660 1479 non
682 1413 827 1477 criminis
850 1411 994 1499 loquitur
1015 1411 1096 1477 loco.

395 1518 542 1582 Incertus
565 1517 691 1580 animus
715 1515 889 1579 dimidium
911 1525 959 1579 est
982 1516 1171 1602 sapientiae.

396 1620 437 1683 In
458 1620 545 1705 turpi
567 1639 602 1681 re
624 1638 760 1705 peccare
782 1617 833 1681 bis
856 1616 1045 1703 delinquere
1068 1626 1127 1680 est.

395 1721 562 1806 Ingenuus
584 1721 710 1784 animus
732 1741 798 1783 non
819 1718 885 1783 fert
907 1721 996 1783 vocis
1019 1718 1166 1783 verbera.

312 1831 372 1888 285
395 1823 556 1888 Iniuriam
576 1823 647 1908 ipse
669 1822 783 1903 facias,
805 1821 863 1885 ubi
885 1842 950 1885 non
972 1820 1132 1885 vindices.

396 1924 430 1989 Is
451 1925 586 1988 minimo
610 1932 684 2009 eget
705 1923 864 2007 mortalia,
891 1924 947 2010 qui
968 1923 1138 1987 minimum
1161 1924 1261 2010 cupit.

395 2027 524 2090 Inimici
545 2027 588 2090 ad
610 2027 753 2090 animum
773 2024 883 2089 nullae
905 2010 1103 2090 conveniunt
1125 2047 1248 2110 preces.

395 2128 535 2192 [nimico
558 2128 703 2191 extincto
727 2128 864 2191 exitium
885 2125 1039 2192 lacrimae
1061 2149 1126 2191 non
1148 2127 1279 2190 habent.

393 2229 446 2294 Ibi
469 2251 596 2316 semper
619 2238 669 2294 est
690 2231 837 2311 victoria,
860 2229 918 2293 ubi
941 2227 1115 2293 concordia
1137 2237 1197 2292 est.

313 2339 375 2397 290
398 2331 466 2395 Iter
489 2339 549 2412 est,
573 2351 775 2416 quacumque
798 2330 855 2394 dat
876 2330 965 2417 prior
987 2331 1174 2415 vestigium.

395 2433 448 2497 lbi
469 2442 545 2519 pote
567 2431 677 2495 valere
698 2431 856 2520 populusz'
871 2432 929 2495 ubi
951 2430 1040 2517 leges
1062 2431 1184 2500 valent.

395 2535 483 2598 Loco
506 2535 706 2619 ignominiae
728 2543 778 2598 est
799 2533 889 2621 apud
911 2529 1081 2618 indignum
1106 2534 1260 2619 dignitas.

396 2637 485 2701 Laus
507 2658 593 2702 nova
615 2638 679 2701 nisi
702 2638 815 2719 oritur,
840 2638 937 2701 etiam
959 2646 1053 2700 vetus
1076 2637 1247 2700 amittitur.

395 2739 501 2803 Laese
524 2739 645 2806 doloris
667 2739 847 2802 remedium
869 2738 994 2801 inimici
1017 2746 1067 2802 est
1089 2737 1191 2802 dolor.

253 2847 255 2850 ’
311 2847 372 2905 295
394 2841 496 2912 Levis¹
518 2850 568 2906 est
589 2840 751 2907 Fortuna:
775 2841 840 2904 cito
861 2840 1013 2927 reposcit,
1037 2839 1125 2925 quod
1146 2839 1247 2904 dedit.

392 2943 463 3008 Lex
485 2943 642 3006 universa
664 2952 724 3024 est,
748 2963 830 3028 quae
852 2941 944 3006 iubet
964 2941 1055 3005 nasci
1078 2949 1110 3005 et
1132 2941 1225 3005 mori.

314 3237 449 3280 comens
465 3240 489 3276 v.
507 3220 689 3280 265-291:
713 3221 741 3276 F
753 3218 812 3297 (Τ),
837 3239 862 3276 ν.
880 3219 1062 3278 292-296τ
1085 3219 1197 3276 PRBF
1208 3217 1292 3293 (EC)

245 3420 248 3426 ,
310 3385 365 3440 tere
388 3375 429 3448 cf.
446 3395 471 3432 u.
488 3374 548 3432 279
642 3373 702 3430 273
725 3373 805 3428 rediit
820 3373 986 3429 Bentleius:
1008 3371 1122 3428 reditF
1206 3371 1267 3429 275
1289 3373 1388 3427 inimici
1404 3371 1455 3428 In-

307 3464 407 3536 putat.-
428 3461 499 3516 imici
520 3461 549 3515 F
670 3458 730 3515 278
756 3457 802 3531 Cf.
825 3475 849 3514 a.
875 3457 943 3515 180.
988 3452 1136 3542 *facilitas
1151 3475 1158 3510 τ
1174 3457 1287 3513 felicitas
1309 3458 1338 3512 F

308 3545 368 3603 279
393 3554 435 3601 est
460 3544 560 3600 laboris
582 3545 717 3623 Inputet:
739 3543 757 3598 l.
779 3551 822 3598 est
842 3543 883 3612 F;
912 3543 951 3615 cf.
975 3562 1000 3599 u.
1025 3541 1084 3599 272
1182 3541 1242 3600 281
1265 3542 1303 3597 nil
1323 3542 1456 3615 Inputat:

308 3630 375 3686 nihil
390 3631 419 3686 F
502 3628 562 3686 282
585 3625 720 3704 incertus]
742 3629 796 3693 troc
818 3630 877 3684 uult
897 3629 1100 3684 dubitationem
1115 3630 1294 3698 principium
1310 3642 1373 3682 esse
1386 3629 1453 3698 plri-

308 3715 467 3786 losoptu'ae,
483 3722 514 3770 ut
529 3717 570 3785 ait
588 3712 687 3771 Cicero
703 3716 870 3770 acdeorum
885 3719 946 3769 nat.
966 3712 994 3784 1,
1012 3712 1046 3782 13
1070 3729 1108 3768 aa
1124 3713 1271 3784 ingenuus,
1287 3718 1318 3768 ut
1333 3731 1358 3768 u.
1372 3710 1454 3769 2841

309 3799 425 3854 invictus
440 3799 560 3872 Maetrly
659 3797 796 3854 dimidium
812 3799 921 3855 Bothe.-
944 3796 1092 3853 remedium
1107 3797 1148 3860 F‚·
1174 3796 1214 3869 cf.
1231 3798 1328 3853 Plaut.
1345 3797 1452 3853 Pseud.
1484 3867 1485 3873 ἵ

240 3941 243 3948 .
307 3882 385 3955 454,
407 3889 436 3940 et
456 3883 539 3956 iufra
561 3901 587 3940 u.
605 3881 665 3940 657
767 3882 828 3939 284
850 3883 997 3938 invectivae
1018 3880 1082 3955 (lep.
1105 3879 1355 3953 invectivssivocis
1376 3899 1454 3937 num·

308 3985 388 4044 quam
405 3967 515 4024 libertas
531 3976 601 4025 tacet
620 3969 645 4024 Τ
742 3966 802 4025 286
827 3968 938 4024 Seneca
955 3970 1037 4039 epist.
1056 3965 1126 4037 108,
1144 3966 1181 4021 11
1274 3966 1385 4021 minimo
1401 3966 1452 4023 Se·

308 4070 400 4111 neca:
422 4043 560 4109 minimum
581 4055 610 4110 F
707 4051 767 4110 288
790 4053 908 4109 Mallem
930 4053 1046 4124 exitum,
1073 4055 1130 4108 uisi
1147 4057 1268 4106 metrum
1288 4059 1452 4122 respueret.

309 4137 354 4212 Of.
375 4139 461 4196 Paul.
483 4139 569 4195 Diae.
586 4157 620 4212 p.
642 4137 682 4195 81
784 4136 844 4195 291
868 4145 933 4211 pote
954 4138 1077 4194 Gruter:
1098 4143 1191 4210 potest
1210 4136 1239 4191 F
1308 4134 1397 4193 ’292
1422 4136 1452 4207 C,

315 4225 395 4280 Viae.
418 4223 495 4280 Bell.
517 4241 563 4296 sp.
584 4226 612 4280 d.
629 4222 666 4294 5,
683 4223 720 4279 71
830 4222 890 4280 293
915 4222 978 4284 Eu·
1000 4221 1039 4293 cf.
1056 4241 1081 4278 u.
1098 4220 1158 4278 203
1267 4219 1329 4277 294
1351 4221 1453 4276 doloris

307 4309 386 4366 BFC
406 4307 485 4365 Viae.
503 4309 578 4365 Bell.
602 4325 646 4381 sp.
669 4306 747 4380 d.4,
765 4306 839 4365 133:
862 4307 949 4363 dolori
965 4307 1018 4362 PR
1104 4306 1201 4361 inimici
1223 4313 1265 4361 est
1280 4305 1388 4362 Bothe:
1411 4313 1453 4360 est

306 4395 346 4448 in.
363 4393 470 4450 PRBO
493 4394 571 4450 Viae.
587 4403 630 4449 est
645 4411 698 4450 om.
715 4393 744 4450 F
852 4391 913 4448 295
945 4392 1023 4449 Viae.
1040 4392 1115 4448 Bell.
1132 4408 1175 4464 sp.
1191 4393 1218 4447 d.
1236 4390 1266 4462 5,
1284 4389 1343 4448 123

310 4467 371 4540 296
395 4479 518 4534 universa
532 4477 658 4535 PRBF:
680 4477 839 4534 universalis
855 4477 906 4534 EO
927 4477 1005 4534 Viuo.
1024 4476 1097 4533 Bett.
1118 4493 1197 4549 spec.
1219 4475 1363 4548 doctus,
1382 4474 1453 4548 104,
