3228 5184
319 441 378 503 104
626 455 781 502 00111111
805 455 882 502 arur
906 455 1138 503 snuruurmu.

400 608 572 695 Quidquid
594 608 739 672 futurum
762 616 811 670 est
833 630 1003 690 summum,
1027 607 1069 672 ab
1092 599 1333 694 imoflnascitur.

317 781 319 786 ,
399 708 506 789 Quam
529 711 683 773 miserum
706 718 764 790 est,
789 708 845 772 ubi
868 708 1040 775 consilium
1062 731 1139 775 casu
1162 711 1321 774 vincitur!

315 819 376 877 550
399 811 571 897 Quidquid
593 811 724 875 fortuna
746 819 893 891 exornat,
918 811 982 874 cito
1005 811 1234 876 contemnitur.

398 911 569 999 Quidquid
592 911 665 998 plus
688 934 785 998 quam
807 933 939 976 necesse
963 922 1011 977 est
1032 912 1213 1000 possideas,
1237 913 1365 999 premit.

398 1013 465 1094 Qui
487 1023 563 1099 pote
585 1033 711 1094 nocere,
734 1013 869 1078 timetur
891 1035 963 1077 cum
987 1015 1084 1078 etiam
1107 1036 1172 1078 non
1194 1014 1297 1080 adest.

398 1115 504 1196 Quem
526 1115 611 1179 bono
633 1117 744 1179 tenere
766 1137 831 1178 non
854 1117 1011 1202 potueris,
1035 1118 1205 1180 contineas
1228 1116 1324 1182 malo.

400 1216 498 1296 Quod
521 1218 629 1281 senior
650 1215 805 1303 loquitur,
830 1239 940 1281 omues
965 1216 1137 1281 consilium
1158 1227 1283 1304 putant.
1335 1284 1340 1293 ,

313 1326 375 1384 555
399 1319 508 1400 Quam
530 1319 684 1382 miserum
706 1329 765 1401 est,
789 1318 847 1382 ubi
869 1328 901 1382 te
924 1327 1066 1405 captant,
1090 1320 1144 1404 qui
1169 1319 1395 1383 defenderint!

399 1419 496 1499 Quod
519 1421 657 1506 quisque
680 1429 776 1502 amat,
800 1419 964 1485 laudando
987 1420 1191 1485 commendat
1215 1420 1289 1484 sibi.

399 1520 506 1601 Quem
528 1520 658 1606 diligas,
683 1522 780 1585 etiam
803 1522 896 1607 queri
919 1521 960 1584 de
982 1521 1053 1607 ipso
1075 1521 1197 1586 malum
1221 1532 1280 1587 est.

399 1622 466 1703 Qui
489 1624 580 1686 venit
602 1632 639 1686 ut
660 1629 785 1705 noceat,
809 1644 937 1708 semper
958 1623 1134 1688 meditatus
1158 1625 1258 1688 venit.
1332 1659 1337 1664 .

400 1725 483 1805 Quis
506 1726 660 1787 miserum
683 1726 791 1806 sciret,
815 1724 917 1789 verba
938 1725 1004 1789 nisi
1026 1725 1161 1789 haberet
1183 1724 1299 1790 dolor?

314 1837 377 1895 560
399 1827 508 1908 Quam
530 1827 684 1890 miserum
706 1836 764 1905 est,
789 1848 862 1889 cum
878 1849 912 1891 se
928 1837 1063 1891 renovat
1080 1837 1307 1914 consumptum
1321 1827 1461 1891 malum!

399 1929 531 2010 Quanto
555 1928 657 1992 seritis
681 1937 842 2014 peccatur,
866 1930 958 1993 tanto
981 1929 1139 2015 incipitur
1160 1930 1298 2015 tdrpius.

399 2031 507 2111 Quam
528 2030 627 2092 miser
649 2038 709 2110 est,
733 2030 789 2115 qui
812 2051 968 2093 excusare
991 2030 1055 2095 sibi
1077 2052 1112 2094 se
1134 2053 1199 2094 non
1220 2031 1342 2116 potest!

399 2130 473 2211 Quo
496 2153 622 2213 caveas,
646 2152 719 2193 cum
740 2131 868 2194 animus
890 2130 991 2214 aliud,
1015 2132 1117 2196 verba
1138 2130 1228 2195 aliud
1251 2131 1392 2219 petunt?

400 2232 468 2313 Qui
492 2234 615 2296 invitus
639 2232 751 2314 servit,
774 2232 812 2296 fit
831 2233 942 2314 miser,
967 2234 1070 2297 servit
1091 2242 1210 2297 tamen.

317 2343 378 2401 565
403 2334 500 2415 Quod
524 2344 572 2398 est
594 2333 773 2397 timendum
799 2332 932 2422 decipit,
956 2337 984 2398 si
1007 2335 1173 2419 neglegas.

400 2435 490 2516 Quid
513 2435 575 2500 tibi
598 2436 737 2520 pecunia
759 2444 865 2522 opust,
890 2437 918 2499 si
941 2457 979 2499 ea
1001 2438 1136 2501 utinen
1158 2436 1277 2523 potes?

401 2536 499 2617 Quod
521 2535 634 2621 fugere
657 2536 782 2620 eredas,
806 2559 904 2624 saepe
926 2537 1007 2602 solet
1030 2559 1200 2603 occurrere

401 2637 561 2718 Quamvis
583 2638 731 2722 acerbus,
757 2639 812 2725 qui
835 2649 954 2721 monet,
977 2639 1060 2704 nulli
1081 2650 1187 2704 nocet.

320 2948 454 2991 00010110
477 2951 502 2988 v.
519 2932 702 2991 501-5681
725 2931 816 3005 MT)
921 2993 925 2998 ,

316 3120 384 3177 qnae
405 3101 468 3157 abiit
489 3120 512 3157 s.
530 3121 556 3156 u.
574 3103 674 3158 Bothe.
720 3101 854 3174 0111100.
873 3104 964 3175 Epod.
982 3103 1018 3174 2,
1036 3104 1072 3172 13
1096 3106 1130 3160 de
1146 3109 1318 3176 pronomine
1339 3108 1465 3162 relativo

260 3195 266 3202 '
316 3190 411 3244 addito
425 3205 472 3260 pp.
491 3186 531 3243 50
614 3186 673 3243 551
697 3182 715 3220 *
731 3186 883 3260 possideas:
906 3188 1052 3261 possidetis
1068 3190 1103 3261 F,
1120 3192 1194 3245 uude
1211 3191 1463 3247 0111101οΜ00-

317 3274 434 3328 chaicus
449 3275 573 3342 recepit:
596 3289 621 3344 q.
640 3279 681 3326 est
696 3289 722 3343 p.
740 3289 766 3344 q.
782 3288 808 3327 n.
825 3272 995 3345 possidentes
1011 3273 1145 3346 deprimit.
1192 3274 1235 3347 Cf.
1250 3293 1298 3348 pp.
1316 3275 1353 3331 61

317 3355 377 3413 552
403 3354 445 3426 Cf.
463 3374 486 3411 v.
502 3354 564 3412 476
671 3364 735 3429 pote
755 3357 887 3430 Inputat.-
906 3365 999 3430 potest
1014 3359 1042 3412 Ir'
1146 3359 1234 3429 adest]
1257 3367 1338 3414 uocet
1354 3359 1464 3415 Gruter

241 3441 246 3448 “
401 3439 462 3496 553
479 3439 530 3512 'Cfi
547 3459 571 3496 0.
588 3439 659 3496 357.
674 3440 735 3498 495
760 3447 786 3497 01
808 3439 925 3507 Quiutr‘t.
948 3446 1012 3498 inst.
1035 3461 1077 3498 or.
1102 3442 1157 3513 12,
1175 3444 1204 3514 7,
1220 3443 1254 3500 3:
1278 3440 1336 3516 ‘qui
1357 3445 1464 3499 ratione

318 3525 421 3582 traduci
437 3523 467 3578 ad
486 3525 594 3580 meliore
610 3541 665 3580 nou
680 3533 811 3599 possunt,
832 3526 892 3582 solo
909 3534 982 3582 metu
998 3527 1182 3584 eontinentur’
1280 3529 1352 3583 hunc
1368 3537 1460 3584 teneas

316 3612 423 3666 Gruter
511 3609 570 3666 555
596 3609 638 3688 Cf.
656 3629 680 3667 0.
697 3610 758 3668 526
836 3618 945 3684 captant
960 3612 1081 3668 Gruter.-
1103 3614 1207 3685 capiant
1226 3614 1258 3680 F,
1276 3631 1314 3668 un
1330 3614 1459 3686 capiunt?

317 3687 500 3752 indicativum
522 3701 639 3751 tuentur
654 3714 679 3751 u.
696 3694 767 3755 526.
783 3696 854 3753 549.
871 3695 933 3753 560
1033 3695 1202 3753 defenderint
1217 3696 1348 3770 Inputat.-
1368 3697 1462 3753 deien-

316 3795 432 3860 dert,F,·
454 3780 631 3851 defenderent
653 3797 685 3852 G.
706 3796 825 3869 Meyer,
848 3814 917 3870 quos
939 3797 1090 3854 defenderis
1112 3800 1205 3855 Bothe
1306 3798 1366 3855 557
1389 3799 1462 3855 dele·

318 3881 399 3953 gisti,
421 3881 496 3952 queri
520 3880 598 3934 etiam
615 3879 647 3935 de
662 3880 709 3936 illo
726 3883 819 3937 Bothe
906 3881 966 3939 559
990 3883 1041 3938 nisi
1056 3883 1096 3936 F.-
1118 3884 1141 3938 si
1157 3899 1210 3938 non
1229 3882 1333 3955 Orelli,
1357 3893 1460 3940 contra

317 3972 436 4020 metrum
527 3962 589 4020 560
612 3964 656 4036 Cf.
679 3984 703 4021 0.
720 3964 781 4022 497
884 3965 944 4024 561
968 3968 1095 4040 incipitur
1116 3969 1221 4040 turpius
1239 3969 1365 4025 Gruter:
1386 3976 1461 4042 turp.

317 4051 368 4105 inc.
384 4050 425 4112 F,·
449 4049 490 4120 cf.
507 4048 580 4110 Seu·
599 4052 681 4119 epist.
700 4049 749 4119 13,
768 4050 805 4105 17
838 4120 842 4126 Ι
913 4051 974 4109 563
997 4050 1015 4084 *
1031 4068 1085 4124 quo
1101 4068 1205 4107 caveas:
1234 4070 1289 4126 quo
1311 4055 1459 4124 cavetislr',

317 4151 372 4208 quo
389 4133 501 4189 cavetis
517 4136 609 4206 vulpe,
627 4151 681 4207 quo
697 4142 769 4190 caret
785 4136 807 4189 is
828 4136 1013 4207 Ribbcclu'us,
1030 4137 1077 4209 qui
1092 4138 1193 4192 caveris
1210 4143 1282 4195 coni.
1303 4138 1393 4194 Orelli
1408 4141 1458 4194 ad·

317 4226 451 4276 versante
472 4224 577 4289 metro,
599 4220 645 4291 qni
661 4236 751 4276 011011
769 4221 859 4277 Bothe
960 4221 1031 4277 aliud
1052 4223 1155 4276 animus
1172 4222 1281 4286 Botke;
1303 4223 1342 4294 ef.
1359 4241 1383 4278 o.
1400 4223 1460 4280 216

422 4312 449 4359 et
464 4306 547 4359 servit
561 4303 736 4360 Ribbeelu'us
848 4305 908 4363 566
933 4307 1101 4380 opusestF
1205 4307 1227 4363 si
1243 4324 1273 4363 01
1288 4308 1329 4370 Ε,-
1351 4308 1373 4362 11
1390 4309 1458 4364 Rib-

318 4389 451 4458 buckiun,
481 4389 505 4442 si
525 4405 555 4443 01
575 4392 676 4445 omisso
697 4397 738 4445 est
760 4390 881 4446 Botkr'us
984 4390 1044 4448 567
1069 4390 1114 4463 Cf.
1136 4392 1194 4448 Lir.
1217 4392 1253 4462 8,
1270 4390 1361 4461 24,4

318 4473 378 4529 568
401 4471 513 4528 acerbus
528 4473 659 4546 Inputat:
674 4490 713 4530 ac.
729 4483 770 4530 est
786 4475 826 4538 F‚·
849 4475 889 4546 cf.
907 4495 931 4531 r.
949 4475 1020 4532 255.
1039 4474 1097 4532 501
